<?xml version="1.0" ?><OAI-PMH xmlns="http://www.openarchives.org/OAI/2.0/" xmlns:xsi="http://www.w3.org/2001/XMLSchema-instance" xsi:schemaLocation="http://www.openarchives.org/OAI/2.0/ http://www.openarchives.org/OAI/2.0/OAI-PMH.xsd">
  <responseDate>2024-11-20T18:24:24Z</responseDate>
  <request resumptionToken="1900-01-01@all@UNIGE_ALL@marc21@5986446840005502" verb="ListRecords">https://slsp-unige.alma.exlibrisgroup.com/view/oai/41SLSP_UGE/request</request>
<ListRecords><record><header><identifier>oai:alma.41SLSP_UGE:991000049919705502</identifier><datestamp>2023-03-01T01:08:47Z</datestamp><setSpec>uge_bcen_RapidILL_BOOK</setSpec><setSpec>uge_aaca_RapidILL_BOOK</setSpec><setSpec>uge_abels_RapidILL_BOOK</setSpec><setSpec>uge_dbu_RapidILL_BOOK</setSpec><setSpec>uge_cmu_RapidILL_BOOK</setSpec><setSpec>uge_mail_RapidILL_BOOK</setSpec><setSpec>UNIGE_ALL</setSpec><setSpec>uge_abbat_RapidILL_BOOK</setSpec><setSpec>uge_aobs_RapidILL_BOOK</setSpec><setSpec>uge_acar_RapidILL_BOOK</setSpec></header><metadata>
<record xmlns="http://www.loc.gov/MARC21/slim" xmlns:xsi="http://www.w3.org/2001/XMLSchema-instance" xsi:schemaLocation="http://www.loc.gov/MARC21/slim http://www.loc.gov/standards/marcxml/schema/MARC21slim.xsd"><leader>02501nam a2200337 c 4500</leader><controlfield tag="001">991000049919705502</controlfield><controlfield tag="005">20201126055053.0</controlfield><controlfield tag="008">090810s1980    le ||||| |||| 00| ||ara d</controlfield><datafield ind1=" " ind2=" " tag="020"><subfield code="a">3515031758</subfield></datafield><datafield ind1=" " ind2=" " tag="035"><subfield code="a">(swissbib)10829899X-41slsp_network</subfield></datafield><datafield ind1=" " ind2=" " tag="035"><subfield code="a">10829899X</subfield><subfield code="9">ExL</subfield></datafield><datafield ind1=" " ind2=" " tag="035"><subfield code="a">(RERO)R005144877-41slsp</subfield></datafield><datafield ind1=" " ind2=" " tag="035"><subfield code="a">(EXLNZ-41SLSP_NETWORK)991145765599705501</subfield></datafield><datafield ind1=" " ind2=" " tag="040"><subfield code="a">RERO geular</subfield><subfield code="d">CH-ZuSLS</subfield></datafield><datafield ind1=" " ind2="7" tag="072"><subfield code="a">sm</subfield><subfield code="2">rero</subfield></datafield><datafield ind1="1" ind2=" " tag="100"><subfield code="6">880-01</subfield><subfield code="a">Numayrī, ʿUbayd ibn Ḥusayn ibn Ǧandal al-</subfield><subfield code="c">al-Rāʿī  al-</subfield><subfield code="d">06..-0714?</subfield><subfield code="0">(IDREF)083472649</subfield><subfield code="4">cre</subfield></datafield><datafield ind1="1" ind2=" " tag="880"><subfield code="6">100-01/(3/r</subfield><subfield code="a">راعي النميري، عبيد بن حسين</subfield><subfield code="d">?-ca. 709</subfield></datafield><datafield ind1="1" ind2="0" tag="245"><subfield code="6">880-02</subfield><subfield code="a">Dīwān al-Rāʿī al-Numayrī</subfield><subfield code="c">jamaʿahu wa-ḥaqqaqahu Rāynhart Vāypart</subfield></datafield><datafield ind1="1" ind2="0" tag="880"><subfield code="6">245-02/(3/r</subfield><subfield code="a">ديوان الراعي النميري</subfield><subfield code="c">جمعه وحققه راينهرت وايبرت</subfield></datafield><datafield ind1="1" ind2=" " tag="246"><subfield code="a">Dīwān al-Rāʿī al-Numayrī / ǧamaʿahu wa ḥaqqaqahu Rāynhart Vāypart</subfield></datafield><datafield ind1=" " ind2="1" tag="264"><subfield code="6">880-03</subfield><subfield code="a">Bayrūt</subfield><subfield code="b">[Al-Maʿhad al-almānī li al-abḥāṯ aš-šarqiyya]</subfield><subfield code="a">Vīsbādan</subfield><subfield code="b">F. Stāynar</subfield><subfield code="c">1980</subfield></datafield><datafield ind1=" " ind2="1" tag="880"><subfield code="6">264-03/(3/r</subfield><subfield code="a">بيروت</subfield><subfield code="b">[المعهد الألماني للأبحاث الشرقية]</subfield><subfield code="a">ويسبادن</subfield><subfield code="b">ف. ستاينر</subfield><subfield code="c">1980</subfield></datafield><datafield ind1=" " ind2=" " tag="300"><subfield code="a">363 p.</subfield><subfield code="c">25 cm</subfield></datafield><datafield ind1=" " ind2=" " tag="336"><subfield code="b">txt</subfield><subfield code="2">rdacontent</subfield></datafield><datafield ind1=" " ind2=" " tag="337"><subfield code="b">n</subfield><subfield code="2">rdamedia</subfield></datafield><datafield ind1=" " ind2=" " tag="338"><subfield code="b">nc</subfield><subfield code="2">rdacarrier</subfield></datafield><datafield ind1="1" ind2=" " tag="490"><subfield code="6">880-04</subfield><subfield code="a">Nuṣūṣ wa dirāsāt</subfield><subfield code="v">24</subfield></datafield><datafield ind1="0" ind2=" " tag="880"><subfield code="6">490-04/(3/r</subfield><subfield code="a">نصوص ودراسات</subfield><subfield code="v">24</subfield></datafield><datafield ind1="1" ind2=" " tag="700"><subfield code="a">Weipert, Reinhard</subfield><subfield code="0">(IDREF)03041427X</subfield></datafield><datafield ind1=" " ind2=" " tag="830"><subfield code="6">880-06</subfield><subfield code="a">Beiruter Texte und Studien</subfield><subfield code="v">24</subfield><subfield code="w">(RERO)0136015-41slsp</subfield></datafield><datafield ind1=" " ind2="0" tag="880"><subfield code="6">830-06</subfield><subfield code="a">Beiruter Texte und Studien = Nuṣūṣ wa-dirāsāt</subfield><subfield code="v">24</subfield></datafield><datafield ind1=" " ind2=" " tag="900"><subfield code="a">REROnoselfmerge</subfield></datafield></record>
</metadata></record>