<record><header><identifier>oai:alma.41SLSP_UGE:991000050119705502</identifier><datestamp>2024-02-07T01:19:13Z</datestamp><setSpec>uge_bcen_RapidILL_BOOK</setSpec><setSpec>uge_aaca_RapidILL_BOOK</setSpec><setSpec>uge_abels_RapidILL_BOOK</setSpec><setSpec>uge_dbu_RapidILL_BOOK</setSpec><setSpec>uge_cmu_RapidILL_BOOK</setSpec><setSpec>uge_mail_RapidILL_BOOK</setSpec><setSpec>uge_abbat_RapidILL_BOOK</setSpec><setSpec>UNIGE_ALL</setSpec><setSpec>uge_aobs_RapidILL_BOOK</setSpec><setSpec>uge_acar_RapidILL_BOOK</setSpec></header><metadata>
<record xmlns="http://www.loc.gov/MARC21/slim" xmlns:xsi="http://www.w3.org/2001/XMLSchema-instance" xsi:schemaLocation="http://www.loc.gov/MARC21/slim http://www.loc.gov/standards/marcxml/schema/MARC21slim.xsd"><leader>01291nam a2200361 c 4500</leader><controlfield tag="001">991000050119705502</controlfield><controlfield tag="005">20240206095754.0</controlfield><controlfield tag="008">201011s1997    sz     |      00| ||roh|d</controlfield><datafield ind1=" " ind2=" " tag="020"><subfield code="a">3279005310</subfield></datafield><datafield ind1=" " ind2=" " tag="035"><subfield code="a">(swissbib)224548778-41slsp_network</subfield></datafield><datafield ind1=" " ind2=" " tag="035"><subfield code="a">224548778</subfield><subfield code="9">ExL</subfield></datafield><datafield ind1=" " ind2=" " tag="035"><subfield code="a">(NEBIS)008376844EBI01</subfield></datafield><datafield ind1=" " ind2=" " tag="035"><subfield code="a">(RERO)R226122660-41slsp</subfield></datafield><datafield ind1=" " ind2=" " tag="035"><subfield code="a">(EXLNZ-41SLSP_NETWORK)991127036369705501</subfield></datafield><datafield ind1=" " ind2=" " tag="040"><subfield code="a">SzZuIDS NEBIS UZH</subfield><subfield code="d">CH-ZuSLS</subfield></datafield><datafield ind1="0" ind2=" " tag="041"><subfield code="a">roh</subfield><subfield code="a">ger</subfield><subfield code="a">ita</subfield></datafield><datafield ind1=" " ind2=" " tag="044"><subfield code="a">sz</subfield><subfield code="c">ch-gr</subfield></datafield><datafield ind1=" " ind2="7" tag="072"><subfield code="a">ro</subfield><subfield code="2">rero</subfield></datafield><datafield ind1="1" ind2=" " tag="080"><subfield code="a">859&quot;18/-&quot;=1MUO</subfield></datafield><datafield ind1="1" ind2=" " tag="100"><subfield code="6">880-01</subfield><subfield code="a">Muoth, Giachen Caspar</subfield><subfield code="d">1844-1906</subfield><subfield code="0">(RERO)A000116948</subfield><subfield code="4">cre</subfield></datafield><datafield ind1="1" ind2=" " tag="880"><subfield code="6">100-01</subfield><subfield code="a">Muoth, Giachen Caspar</subfield><subfield code="d">1844-1906</subfield><subfield code="0">(DE-588)122349520</subfield></datafield><datafield ind1="1" ind2="0" tag="245"><subfield code="a">Commentari 1</subfield><subfield code="c">Giacun Hasper Muoth ; screts da Iso Camartin e Leo Tuor</subfield></datafield><datafield ind1=" " ind2="1" tag="264"><subfield code="a">Chur</subfield><subfield code="b">Octopus</subfield><subfield code="c">1997</subfield></datafield><datafield ind1=" " ind2="4" tag="264"><subfield code="c">© 1997</subfield></datafield><datafield ind1=" " ind2=" " tag="300"><subfield code="a">439 p.</subfield><subfield code="b">ill.</subfield><subfield code="c">24 cm</subfield></datafield><datafield ind1=" " ind2=" " tag="336"><subfield code="b">txt</subfield><subfield code="2">rdacontent</subfield></datafield><datafield ind1=" " ind2=" " tag="337"><subfield code="b">n</subfield><subfield code="2">rdamedia</subfield></datafield><datafield ind1=" " ind2=" " tag="338"><subfield code="b">nc</subfield><subfield code="2">rdacarrier</subfield></datafield><datafield ind1="1" ind2=" " tag="490"><subfield code="a">Ovras da Giacun Hasper Muoth</subfield><subfield code="v">Tom 4</subfield></datafield><datafield ind1=" " ind2=" " tag="500"><subfield code="a">Texte rätoroman., dt. oder ital.</subfield></datafield><datafield ind1="1" ind2=" " tag="700"><subfield code="a">Camartin, Iso</subfield><subfield code="d">1944-....</subfield><subfield code="0">(IDREF)027920909</subfield></datafield><datafield ind1="1" ind2=" " tag="800"><subfield code="a">Muoth, Giachen Caspar</subfield><subfield code="d">1844-1906</subfield><subfield code="t">Werke</subfield><subfield code="v">4</subfield><subfield code="w">(NEBIS)007876307EBI01</subfield></datafield><datafield ind1="1" ind2=" " tag="800"><subfield code="a">Muoth, Giachen Caspar</subfield><subfield code="d">1844-1906</subfield><subfield code="t">Ovras da Giacun Hasper Muoth</subfield><subfield code="v">4</subfield><subfield code="w">(RERO)1902094-41slsp</subfield></datafield><datafield ind1=" " ind2=" " tag="900"><subfield code="a">REROnoselfmerge</subfield></datafield><datafield ind1=" " ind2=" " tag="993"><subfield code="a">BFLA 248120/4</subfield><subfield code="x">ge/ulro/a/13/18</subfield><subfield code="9">LOCAL</subfield></datafield></record>
</metadata></record>