<record><header><identifier>oai:alma.41SLSP_UGE:991000049409705502</identifier><datestamp>2023-07-01T00:23:01Z</datestamp><setSpec>uge_bcen_RapidILL_BOOK</setSpec><setSpec>uge_aaca_RapidILL_BOOK</setSpec><setSpec>uge_abels_RapidILL_BOOK</setSpec><setSpec>uge_dbu_RapidILL_BOOK</setSpec><setSpec>uge_cmu_RapidILL_BOOK</setSpec><setSpec>uge_mail_RapidILL_BOOK</setSpec><setSpec>uge_abbat_RapidILL_BOOK</setSpec><setSpec>UNIGE_ALL</setSpec><setSpec>uge_aobs_RapidILL_BOOK</setSpec><setSpec>uge_acar_RapidILL_BOOK</setSpec></header><metadata>
<record xmlns="http://www.loc.gov/MARC21/slim" xmlns:xsi="http://www.w3.org/2001/XMLSchema-instance" xsi:schemaLocation="http://www.loc.gov/MARC21/slim http://www.loc.gov/standards/marcxml/schema/MARC21slim.xsd"><leader>06406nam a2200625 c 4500</leader><controlfield tag="001">991000049409705502</controlfield><controlfield tag="005">20230630121951.0</controlfield><controlfield tag="008">201011s2000    sz ||||| |||| 00| ||ger d</controlfield><datafield ind1=" " ind2=" " tag="020"><subfield code="a">3258061602</subfield><subfield code="c">Fr. 29.-</subfield></datafield><datafield ind1=" " ind2=" " tag="035"><subfield code="a">(swissbib)227757270-41slsp_network</subfield></datafield><datafield ind1=" " ind2=" " tag="035"><subfield code="a">227757270</subfield><subfield code="9">ExL</subfield></datafield><datafield ind1=" " ind2=" " tag="035"><subfield code="a">(RERO)R269681860-41slsp</subfield></datafield><datafield ind1=" " ind2=" " tag="035"><subfield code="a">(IDSBB)002037058DSV01</subfield></datafield><datafield ind1=" " ind2=" " tag="035"><subfield code="a">(NEBIS)004024218EBI01</subfield></datafield><datafield ind1=" " ind2=" " tag="035"><subfield code="a">(IDSLU)000189661ILU01</subfield></datafield><datafield ind1=" " ind2=" " tag="035"><subfield code="a">(IDSSG)000216248HSB01</subfield></datafield><datafield ind1=" " ind2=" " tag="035"><subfield code="a">(EXLNZ-41SLSP_NETWORK)991064520709705501</subfield></datafield><datafield ind1=" " ind2=" " tag="040"><subfield code="a">RERO neubfd</subfield><subfield code="d">CH-ZuSLS</subfield></datafield><datafield ind1=" " ind2=" " tag="044"><subfield code="a">sz</subfield><subfield code="c">ch-be</subfield></datafield><datafield ind1=" " ind2="7" tag="072"><subfield code="a">dr</subfield><subfield code="2">rero</subfield></datafield><datafield ind1=" " ind2="7" tag="072"><subfield code="a">rw</subfield><subfield code="2">SzZuIDS BS/BE</subfield></datafield><datafield ind1=" " ind2="7" tag="072"><subfield code="a">820</subfield><subfield code="2">IDS LU</subfield></datafield><datafield ind1="1" ind2="4" tag="082"><subfield code="a">340</subfield><subfield code="2">15</subfield></datafield><datafield ind1=" " ind2=" " tag="084"><subfield code="a">CA/CH 54 g</subfield><subfield code="2">cjurrom</subfield></datafield><datafield ind1="1" ind2=" " tag="100"><subfield code="a">Amonn, Toni</subfield><subfield code="d">1963-</subfield><subfield code="0">(DE-588)118157299</subfield><subfield code="6">880-01</subfield></datafield><datafield ind1="1" ind2=" " tag="880"><subfield code="6">100-01</subfield><subfield code="a">Amonn, Toni</subfield><subfield code="0">(IDREF)103372369</subfield><subfield code="4">cre</subfield></datafield><datafield ind1="1" ind2="0" tag="245"><subfield code="a">Repetitorium zum Steuerrecht</subfield><subfield code="b">216 Fragen und Antworten mit Beispielen und Lösungen zum Bundessteuerrecht : (direkte Bundessteuer, Stempelabgaben, Verrechnungssteuer, Mehrwertsteuer)</subfield><subfield code="c">Toni Amonn</subfield></datafield><datafield ind1=" " ind2=" " tag="250"><subfield code="a">2., vollständig überarb. u. ergänzte Aufl.</subfield></datafield><datafield ind1=" " ind2="1" tag="264"><subfield code="a">Bern [etc.]</subfield><subfield code="b">P. Haupt</subfield><subfield code="c">[2000]</subfield></datafield><datafield ind1=" " ind2="4" tag="264"><subfield code="c">© 2000</subfield></datafield><datafield ind1=" " ind2=" " tag="300"><subfield code="a">XXX, 192 S.</subfield><subfield code="b">Ill.</subfield><subfield code="c">19 cm</subfield></datafield><datafield ind1=" " ind2=" " tag="336"><subfield code="b">txt</subfield><subfield code="2">rdacontent</subfield></datafield><datafield ind1=" " ind2=" " tag="337"><subfield code="b">n</subfield><subfield code="2">rdamedia</subfield></datafield><datafield ind1=" " ind2=" " tag="338"><subfield code="b">nc</subfield><subfield code="2">rdacarrier</subfield></datafield><datafield ind1="1" ind2=" " tag="490"><subfield code="a">Haupt-Repetitorien</subfield></datafield><datafield ind1=" " ind2="7" tag="650"><subfield code="a">Droit fiscal</subfield><subfield code="0">(IDREF)02746718X</subfield><subfield code="2">idref</subfield></datafield><datafield ind1=" " ind2="7" tag="650"><subfield code="a">Steuerrecht</subfield><subfield code="2">idszbz</subfield></datafield><datafield ind1=" " ind2="7" tag="650"><subfield code="a">Steuerrecht</subfield><subfield code="0">(DE-588)4116614-0</subfield><subfield code="2">gnd</subfield></datafield><datafield ind1=" " ind2="7" tag="651"><subfield code="a">Suisse</subfield><subfield code="0">(IDREF)027249654</subfield><subfield code="2">idref</subfield></datafield><datafield ind1=" " ind2="7" tag="651"><subfield code="a">Schweiz</subfield><subfield code="2">idszbz</subfield></datafield><datafield ind1=" " ind2="7" tag="651"><subfield code="a">Schweiz</subfield><subfield code="0">(DE-588)4053881-3</subfield><subfield code="2">gnd</subfield></datafield><datafield ind1=" " ind2="7" tag="655"><subfield code="a">Manuels d'enseignement</subfield><subfield code="0">(IDREF)027446514</subfield><subfield code="2">idref</subfield></datafield><datafield ind1=" " ind2="7" tag="655"><subfield code="a">Fallsammlung</subfield><subfield code="2">gnd-content</subfield></datafield><datafield ind1=" " ind2="7" tag="655"><subfield code="a">Lehrbuch</subfield><subfield code="2">idszbz</subfield></datafield><datafield ind1=" " ind2="7" tag="655"><subfield code="a">Aufgabensammlung</subfield><subfield code="2">gnd-content</subfield></datafield><datafield ind1=" " ind2="7" tag="655"><subfield code="a">Lehrbuch</subfield><subfield code="2">gnd-content</subfield></datafield><datafield ind1=" " ind2=" " tag="690"><subfield code="a">Einkommensteuer; Bestimmungslandprinzip; verdeckte Gewinnausschüttung; Umsatzsteuer; Zins; Bezugsrecht; Doppelbesteuerung; Gehalt Lohn; stille Reserve; Miete; Garantie; Handelsrecht; Gratisaktie; Folge; Quellensteuer; Aktiengesellschaft; Dimensionierung; Ertrag; Rückstellung; Gewerberecht; Verbot; Einlage; Leistung; Maßgeblichkeitsprinzip</subfield><subfield code="2">idssg-J</subfield></datafield><datafield ind1=" " ind2=" " tag="690"><subfield code="a">Verrechnungssteuer; Steuerfolge; Kapitalsteuer; Steuerobjekt; Kapitaleinlage; Steuersubjekt; Unternehmenssteuerrecht; Einmalprämie; Erwerbseinkommen; Gewinnungskosten; Mitarbeiteraktie; Naturaleinkommen; Objektsteuer; Subjektsteuer; Umsatzabgabe; Unternehmensgewinn; Warenumsatzsteuer; Wegzugssteuer; Zeitrente; Ä-Fonds-Perdu-Zuschuss; Doppelbelastung; Herkunftsprinzip; Progressionsvorbehalt; Sanierungsmaßnahme; Spesenrückvergütung; Beteiligungsrecht; Bilanzberichtigung; Bilanzkorrektur; Bruttoleistung; Buchwertprinzip; Bundessteuerrecht; Dreieckstheorie; Eigentumsgarantie; Einkommenssteuertarif; Faktorenaddition; Mehrfachbelastung; Nennwertprinzip; Rechtsgleichheitsgebot; Selbstvorsorge; Substanzverzehrsprinzip; Versicherungsleistung; Wohnrecht; Zwischenveranlagung; Begriffsmerkmal; Bemessungsfaktor; Eigenmietwert; Eigenmietwertbesteuerung; Rechtssubjekt; Stempelabgabe; Zwischenveranlagungsgrund; Bargründung; Bilanzänderung; Ersatzbeschaffung; Gegenwartsbemessung; Geschäftsbetrieb; Hauptunterscheidung; Holdingbesteuerung; Mantelhandel; Pauschalbesteuerung; Prämienzahlung; Rahmenbedingung; Steuersukzession; Unter-Pari-Emission; Unternehmenssteuerreform; Vergangenheitsbemessung; Über-Pari-Emission; Abkürzungsverzeichnis; Anwendungsbereich; Bemessungslücke; Bemessungsperiode; Beteiligungsabzug; Des-Bund; Doppelbesteuerungsverbot; Effektenhändler; Eigenheimbesitzer; Gemeinwesen; Geschäftsverlust; Grundbegriff; Literaturverzeichnis; MWSt-Pflicht; Privatentnahme; Progressionseffekt; Realisationsform; Revisionspunkt; Risikoversicherung; Sachregister; Saldosteuersatz; Sozialabzug; Stabilisierungsprogramm; Steuerart; Steuergut; Steuerhoheit; Steuerperiode; Steuerpflicht; Steuerregress; Steuersubstitution; Steuerträger; Systemfrage; Todesfallversicherung; VSt-Pflicht; Vermögensanfall; Versicherungsfall; Wohnsitz</subfield><subfield code="2">idssg-J</subfield></datafield><datafield ind1=" " ind2=" " tag="690"><subfield code="a">reines Einkommen; wichtige Rahmenbedingung; überarbeitete Auflage; allgemeine Frage; altes Unternehmen; ausländischer Arbeitnehmer; ausländischer Empfänger; begründeter Aufwand; begründete Aufwendung; direkte Bundessteuer; echte Realisierung; eigene Aktie; einkommenssteuerrechtliche Konsequenz; ergänzte Auflage; folgende Steuerperiode; freie Selbstvorsorge; frühe Warenumsatzsteuer; gebundene Selbstvorsorge; gelegenes Grundstück; gesetzliche Regelung; gleicher Aktionär; indirekte Teilliquidation; international Doppelbesteuerng; jährliche Gegenwartsbemessung; konkrete Steuerfolge; natürliche Person; organischer Abzug; persönlich Zugehörigkeitvor; persönliche Zugehörigkeit; privater Kapitalgewinn; private Zeitrente; rückkaufsfähige Kapitalversicherung; rückkaufsfähige Versicherung; sachliche Bemessung; sogenannt Fringe; sogenannte Unter-Pari-Emission; sogenannte Über-Pari-Emission; solidarische Mithaftung; steuerbares Einkommen; steuerbare Urkunde; steuerliche Maßnahme; steuerpflichtige Person; steuerrechtlicher Aufenthalt; steuerrechtliche Konsequenz; steuerrechtliche Sicht; steuerrechtlicher Wohnsitz; steuertheoretische Begründung; steuertheoretische Sicht; subjektives Herkunftsprinzip; subjektive Steuerpflicht; temporäre Todesfallversicherung; verdecktes Eigenkapital; verdeckte Kapitaleinlage; verfassungsrechtliche Rahmenbedingung; wesentlicher Unterschied; wichtige Ausnahme; wichtige Sanierungsmaßnahme; wiederkehrende Einkunft; wirtschaftliche Doppelbelastung; wirtschaftliche Zugehörigkeit; zeitliche Bemessung; zentraler Revisionspunkt; zweijährige Vergangenheitsbemessung</subfield><subfield code="2">idssg-J</subfield></datafield><datafield ind1=" " ind2=" " tag="690"><subfield code="a">Schweiz C4EXSI; Österreich C4EUAU; Deutschland C4EUGE; China C9CHIN</subfield><subfield code="2">idssg-J</subfield></datafield><datafield ind1=" " ind2=" " tag="690"><subfield code="a">Bern Stuttgart Wien; Dr.iur. Toni Amonn; Dr.iur. Toni Amonn Fragen Antworten; Frage Stellen Zinsen Gewinnausschüttungen; indirekt Teilliquidation Transponierung; Sac iew agegründung</subfield><subfield code="2">idssg-J</subfield></datafield><datafield ind1=" " ind2=" " tag="691"><subfield code="e">PC 54 CH</subfield><subfield code="2">rzs-L1</subfield></datafield><datafield ind1="4" ind2=" " tag="856"><subfield code="u">https://tools.unisg.ch/url/hm00007208</subfield><subfield code="z">Inhaltsverzeichnis</subfield></datafield><datafield ind1=" " ind2="0" tag="830"><subfield code="a">Haupt-Repetitorien</subfield><subfield code="w">(IDSBB)000436630DSV01</subfield></datafield><datafield ind1=" " ind2=" " tag="900"><subfield code="a">IDSZ2rwimon201111l</subfield><subfield code="c">IDSZ2biss</subfield></datafield><datafield ind1=" " ind2=" " tag="949"><subfield code="a">https://tools.unisg.ch/url/hm00007208</subfield></datafield></record>
</metadata></record>