<record><header><identifier>oai:alma.41SLSP_UGE:991000047139705502</identifier><datestamp>2023-03-28T00:11:17Z</datestamp><setSpec>uge_bcen_RapidILL_BOOK</setSpec><setSpec>uge_aaca_RapidILL_BOOK</setSpec><setSpec>uge_abels_RapidILL_BOOK</setSpec><setSpec>uge_dbu_RapidILL_BOOK</setSpec><setSpec>uge_cmu_RapidILL_BOOK</setSpec><setSpec>uge_mail_RapidILL_BOOK</setSpec><setSpec>uge_abbat_RapidILL_BOOK</setSpec><setSpec>UNIGE_ALL</setSpec><setSpec>uge_acar_RapidILL_BOOK</setSpec><setSpec>uge_aobs_RapidILL_BOOK</setSpec></header><metadata>
<record xmlns="http://www.loc.gov/MARC21/slim" xmlns:xsi="http://www.w3.org/2001/XMLSchema-instance" xsi:schemaLocation="http://www.loc.gov/MARC21/slim http://www.loc.gov/standards/marcxml/schema/MARC21slim.xsd"><leader>01617nam a2200337 c 4500</leader><controlfield tag="001">991000047139705502</controlfield><controlfield tag="005">20230327182910.0</controlfield><controlfield tag="008">000924s1999    sz ||||| |||| 00| ||fre d</controlfield><datafield ind1=" " ind2=" " tag="035"><subfield code="a">(swissbib)094330484-41slsp_network</subfield></datafield><datafield ind1=" " ind2=" " tag="035"><subfield code="a">094330484</subfield><subfield code="9">ExL</subfield></datafield><datafield ind1=" " ind2=" " tag="035"><subfield code="a">(RERO)R247631060-41slsp</subfield></datafield><datafield ind1=" " ind2=" " tag="035"><subfield code="a">(EXLNZ-41SLSP_NETWORK)991053367879705501</subfield></datafield><datafield ind1=" " ind2=" " tag="040"><subfield code="a">RERO geulha</subfield><subfield code="d">CH-ZuSLS</subfield></datafield><datafield ind1="0" ind2=" " tag="041"><subfield code="a">fre</subfield><subfield code="a">ger</subfield></datafield><datafield ind1=" " ind2="7" tag="072"><subfield code="a">at</subfield><subfield code="2">rero</subfield></datafield><datafield ind1="0" ind2="0" tag="245"><subfield code="a">Erkenntnisgewinn oder Machtmittel ?</subfield><subfield code="b">Grundlage und Anwendung von Inventaren : [Akten der Tagung in Zug, 12.-14. November 1998] = Sources de connaissances ou instruments de pouvoir ? le principe des inventaires et leur exploitation : [exposés du congrès de Zoug, du 12 au 14 novembre 1998]</subfield><subfield code="c">Eidg. Kommission für Denkmalpflege EKD = Commission fédérale des Monuments historiques CFMH</subfield></datafield><datafield ind1="1" ind2=" " tag="246"><subfield code="a">Sources de connaissances ou instruments de pouvoir ?</subfield></datafield><datafield ind1=" " ind2="1" tag="264"><subfield code="a">Bern</subfield><subfield code="b">Bundesamt für Kultur</subfield><subfield code="c">[1999]</subfield></datafield><datafield ind1=" " ind2="4" tag="264"><subfield code="c">© 1999</subfield></datafield><datafield ind1=" " ind2=" " tag="300"><subfield code="a">56 p.</subfield><subfield code="b">ill. en noir</subfield><subfield code="c">30 cm</subfield></datafield><datafield ind1=" " ind2=" " tag="336"><subfield code="b">txt</subfield><subfield code="2">rdacontent</subfield></datafield><datafield ind1=" " ind2=" " tag="337"><subfield code="b">n</subfield><subfield code="2">rdamedia</subfield></datafield><datafield ind1=" " ind2=" " tag="338"><subfield code="b">nc</subfield><subfield code="2">rdacarrier</subfield></datafield><datafield ind1="1" ind2=" " tag="490"><subfield code="a">Akten der Tagung... / Eidg. Kommission für Denkmalpflege</subfield><subfield code="v">6</subfield></datafield><datafield ind1=" " ind2="7" tag="650"><subfield code="a">Monuments historiques</subfield><subfield code="0">(IDREF)027239829</subfield><subfield code="2">idref</subfield></datafield><datafield ind1=" " ind2="7" tag="650"><subfield code="a">Inventaires</subfield><subfield code="0">(IDREF)027806413</subfield><subfield code="2">idref</subfield></datafield><datafield ind1=" " ind2="7" tag="650"><subfield code="a">Architecture suisse</subfield><subfield code="0">(RERO)A022419336</subfield><subfield code="2">rero</subfield></datafield><datafield ind1=" " ind2="7" tag="651"><subfield code="a">Suisse</subfield><subfield code="0">(IDREF)027249654</subfield><subfield code="2">idref</subfield></datafield><datafield ind1=" " ind2="7" tag="655"><subfield code="a">Actes de congrès</subfield><subfield code="0">(IDREF)02886431X</subfield><subfield code="2">idref</subfield></datafield><datafield ind1="1" ind2=" " tag="710"><subfield code="a">Suisse</subfield><subfield code="b">Commission fédérale des monuments historiques</subfield><subfield code="0">(IDREF)117380598</subfield></datafield><datafield ind1=" " ind2="0" tag="830"><subfield code="a">Akten der Tagung ... / Eidg. Kommission für Denkkmalpflege</subfield><subfield code="v">6</subfield></datafield><datafield ind1=" " ind2=" " tag="900"><subfield code="a">REROnoselfmerge</subfield></datafield><datafield ind1=" " ind2=" " tag="993"><subfield code="a">BFLB 13474/6</subfield><subfield code="x">ge/ulha/d/99/0408</subfield><subfield code="9">LOCAL</subfield></datafield></record>
</metadata></record>