<record><header><identifier>oai:alma.41SLSP_UGE:991000049309705502</identifier><datestamp>2023-03-01T01:08:47Z</datestamp><setSpec>uge_bcen_RapidILL_BOOK</setSpec><setSpec>uge_aaca_RapidILL_BOOK</setSpec><setSpec>uge_abels_RapidILL_BOOK</setSpec><setSpec>uge_dbu_RapidILL_BOOK</setSpec><setSpec>uge_cmu_RapidILL_BOOK</setSpec><setSpec>uge_mail_RapidILL_BOOK</setSpec><setSpec>UNIGE_ALL</setSpec><setSpec>uge_abbat_RapidILL_BOOK</setSpec><setSpec>uge_aobs_RapidILL_BOOK</setSpec><setSpec>uge_acar_RapidILL_BOOK</setSpec></header><metadata>
<record xmlns="http://www.loc.gov/MARC21/slim" xmlns:xsi="http://www.w3.org/2001/XMLSchema-instance" xsi:schemaLocation="http://www.loc.gov/MARC21/slim http://www.loc.gov/standards/marcxml/schema/MARC21slim.xsd"><leader>02205nam a2200505 c 4500</leader><controlfield tag="001">991000049309705502</controlfield><controlfield tag="005">20230117184042.0</controlfield><controlfield tag="008">951004t19951995gw ||||| |||| 00| ||ger d</controlfield><datafield ind1=" " ind2=" " tag="020"><subfield code="a">3777466905</subfield><subfield code="q">Hirmer</subfield></datafield><datafield ind1=" " ind2=" " tag="020"><subfield code="a">3777466107</subfield><subfield code="q">Museumsausgabe</subfield></datafield><datafield ind1="7" ind2=" " tag="024"><subfield code="a">http://catalogue.bnf.fr/ark:/12148/cb36958411g</subfield><subfield code="2">uri</subfield></datafield><datafield ind1=" " ind2=" " tag="035"><subfield code="a">(swissbib)090422120-41slsp_network</subfield></datafield><datafield ind1=" " ind2=" " tag="035"><subfield code="a">090422120</subfield><subfield code="9">ExL</subfield></datafield><datafield ind1=" " ind2=" " tag="035"><subfield code="a">(RERO)2086976-41slsp</subfield></datafield><datafield ind1=" " ind2=" " tag="035"><subfield code="a">(EXLNZ-41SLSP_NETWORK)991125133669705501</subfield></datafield><datafield ind1=" " ind2=" " tag="040"><subfield code="a">RERO frbcuc</subfield><subfield code="b">fre</subfield><subfield code="e">rda</subfield><subfield code="d">CH-ZuSLS</subfield></datafield><datafield ind1="0" ind2=" " tag="041"><subfield code="a">ger</subfield></datafield><datafield ind1=" " ind2="7" tag="072"><subfield code="a">al</subfield><subfield code="2">rero</subfield></datafield><datafield ind1="1" ind2=" " tag="080"><subfield code="a">7.033.51</subfield></datafield><datafield ind1="1" ind2=" " tag="080"><subfield code="a">904&quot;04/14&quot;(4D):94(085)</subfield></datafield><datafield ind1="0" ind2="0" tag="245"><subfield code="a">Heinrich der Löwe und seine Zeit</subfield><subfield code="b">Herrschaft und Repräsentation der Welfen 1125-1235 : Katalog der Ausstellung Braunschweig 1995</subfield><subfield code="c">Herzog Anton Ulrich-Museum ; herausgegeben von Jochen Luckhardt und Franz Niehoff, zusammen mit Gerd Biegel [für die Abteilung Nachleben]</subfield></datafield><datafield ind1=" " ind2="1" tag="264"><subfield code="a">München</subfield><subfield code="b">Hirmer Verlag</subfield><subfield code="c">1995</subfield></datafield><datafield ind1=" " ind2="4" tag="264"><subfield code="c">© 1995</subfield></datafield><datafield ind1=" " ind2=" " tag="300"><subfield code="a">3 volumes</subfield><subfield code="b">illustrations</subfield><subfield code="c">28 cm</subfield></datafield><datafield ind1=" " ind2=" " tag="336"><subfield code="b">txt</subfield><subfield code="2">rdacontent</subfield></datafield><datafield ind1=" " ind2=" " tag="337"><subfield code="b">n</subfield><subfield code="2">rdamedia</subfield></datafield><datafield ind1=" " ind2=" " tag="338"><subfield code="b">nc</subfield><subfield code="2">rdacarrier</subfield></datafield><datafield ind1=" " ind2=" " tag="500"><subfield code="a">Catalogo dell'esposizione tenutasi a Braunschweig, Herzog Anton Ulrich-Museum, nel 1995</subfield></datafield><datafield ind1=" " ind2=" " tag="500"><subfield code="a">Exposition. Braunschweig. Herzog Anton Ulrich-Museum. 1995</subfield></datafield><datafield ind1="0" ind2=" " tag="505"><subfield code="g">Band 1</subfield><subfield code="t">Katalog</subfield></datafield><datafield ind1="0" ind2=" " tag="505"><subfield code="g">Band 2</subfield><subfield code="t">Essays</subfield></datafield><datafield ind1="0" ind2=" " tag="505"><subfield code="g">Band 3</subfield><subfield code="t">Abteilung Nachleben</subfield></datafield><datafield ind1="0" ind2="7" tag="600"><subfield code="a">Enrico XII (Duca di Baviera)</subfield><subfield code="x">Cataloghi di esposizioni</subfield><subfield code="2">sbt12</subfield></datafield><datafield ind1="0" ind2="7" tag="600"><subfield code="a">Henri le Lion</subfield><subfield code="c">duc de Saxe et de Bavière</subfield><subfield code="d">1129?-1195</subfield><subfield code="0">(IDREF)027324788</subfield><subfield code="2">idref</subfield></datafield><datafield ind1="0" ind2="7" tag="600"><subfield code="a">Guelfes</subfield><subfield code="c">(famille)</subfield><subfield code="0">(RERO)A009995332</subfield><subfield code="2">rero</subfield></datafield><datafield ind1=" " ind2="7" tag="650"><subfield code="a">Art allemand</subfield><subfield code="0">(IDREF)077097815</subfield><subfield code="2">idref</subfield></datafield><datafield ind1=" " ind2="7" tag="650"><subfield code="a">1125-1235</subfield><subfield code="2">rero</subfield></datafield><datafield ind1=" " ind2="7" tag="651"><subfield code="a">Germania</subfield><subfield code="y">1125-1235</subfield><subfield code="x">Cataloghi di esposizioni</subfield><subfield code="2">sbt12</subfield></datafield><datafield ind1=" " ind2="7" tag="655"><subfield code="a">Cataloghi di esposizioni</subfield><subfield code="2">sbt12-content</subfield></datafield><datafield ind1=" " ind2="7" tag="655"><subfield code="a">Catalogues d'exposition</subfield><subfield code="0">(IDREF)027320456</subfield><subfield code="2">idref</subfield></datafield><datafield ind1=" " ind2=" " tag="691"><subfield code="e">943</subfield><subfield code="2">usi-TM</subfield></datafield><datafield ind1="1" ind2=" " tag="700"><subfield code="a">Luckhardt, Jochen</subfield><subfield code="d">1952-....</subfield><subfield code="0">(IDREF)030273900</subfield><subfield code="4">edt</subfield></datafield><datafield ind1="1" ind2=" " tag="700"><subfield code="a">Niehoff, Franz</subfield><subfield code="d">1956-</subfield><subfield code="0">(DE-588)1019501987</subfield><subfield code="4">edt</subfield></datafield><datafield ind1="1" ind2=" " tag="700"><subfield code="a">Biegel, Gerd</subfield><subfield code="d">1947-</subfield><subfield code="0">(DE-588)109137760</subfield><subfield code="4">edt</subfield></datafield><datafield ind1="2" ind2=" " tag="710"><subfield code="a">Herzog Anton Ulrich-Museum</subfield><subfield code="g">Brunswick, Allemagne</subfield><subfield code="0">(IDREF)028040716</subfield><subfield code="4">orm</subfield></datafield><datafield ind1=" " ind2=" " tag="900"><subfield code="a">REROnoselfmerge</subfield></datafield><datafield ind1=" " ind2=" " tag="993"><subfield code="a">BFLB 15678</subfield><subfield code="x">ge/ulha/a/96</subfield><subfield code="9">LOCAL</subfield></datafield></record>
</metadata></record>