<record><header><identifier>oai:alma.41SLSP_UGE:991000049619705502</identifier><datestamp>2024-01-06T01:20:12Z</datestamp><setSpec>uge_bcen_RapidILL_BOOK</setSpec><setSpec>uge_aaca_RapidILL_BOOK</setSpec><setSpec>uge_abels_RapidILL_BOOK</setSpec><setSpec>uge_dbu_RapidILL_BOOK</setSpec><setSpec>uge_cmu_RapidILL_BOOK</setSpec><setSpec>uge_mail_RapidILL_BOOK</setSpec><setSpec>uge_abbat_RapidILL_BOOK</setSpec><setSpec>UNIGE_ALL</setSpec><setSpec>uge_acar_RapidILL_BOOK</setSpec><setSpec>uge_aobs_RapidILL_BOOK</setSpec></header><metadata>
<record xmlns="http://www.loc.gov/MARC21/slim" xmlns:xsi="http://www.w3.org/2001/XMLSchema-instance" xsi:schemaLocation="http://www.loc.gov/MARC21/slim http://www.loc.gov/standards/marcxml/schema/MARC21slim.xsd"><leader>01335nam a22003372c 4500</leader><controlfield tag="001">991000049619705502</controlfield><controlfield tag="005">20240105150758.0</controlfield><controlfield tag="008">201012t19941994gw            00| | mul d</controlfield><datafield ind1=" " ind2=" " tag="020"><subfield code="a">3531051121</subfield></datafield><datafield ind1=" " ind2=" " tag="035"><subfield code="a">(swissbib)240146972-41slsp_network</subfield></datafield><datafield ind1=" " ind2=" " tag="035"><subfield code="a">240146972</subfield><subfield code="9">ExL</subfield></datafield><datafield ind1=" " ind2=" " tag="035"><subfield code="a">(IDSBB)001007521DSV01</subfield></datafield><datafield ind1=" " ind2=" " tag="035"><subfield code="a">(RERO)2127186-41slsp</subfield></datafield><datafield ind1=" " ind2=" " tag="035"><subfield code="a">(EXLNZ-41SLSP_NETWORK)991040483319705501</subfield></datafield><datafield ind1=" " ind2=" " tag="040"><subfield code="a">SzZuIDS BS/BE B400</subfield><subfield code="b">ger</subfield><subfield code="e">kids</subfield><subfield code="d">CH-ZuSLS</subfield></datafield><datafield ind1="0" ind2=" " tag="041"><subfield code="a">ger</subfield><subfield code="a">und</subfield><subfield code="a">und</subfield></datafield><datafield ind1=" " ind2="7" tag="072"><subfield code="a">or</subfield><subfield code="2">rero</subfield></datafield><datafield ind1=" " ind2=" " tag="084"><subfield code="a">6,21;6,22</subfield><subfield code="2">ssgn</subfield></datafield><datafield ind1=" " ind2=" " tag="084"><subfield code="a">EM 2800</subfield><subfield code="2">rvk</subfield></datafield><datafield ind1="0" ind2="0" tag="245"><subfield code="a">Kommentar</subfield><subfield code="c">hrsg. von Elmar Edel</subfield></datafield><datafield ind1=" " ind2="1" tag="264"><subfield code="c">[1994]</subfield></datafield><datafield ind1=" " ind2="4" tag="264"><subfield code="c">© 1994</subfield></datafield><datafield ind1=" " ind2=" " tag="300"><subfield code="a">382 S.</subfield><subfield code="b">Faltbl.</subfield></datafield><datafield ind1=" " ind2=" " tag="336"><subfield code="b">txt</subfield><subfield code="2">rdacontent</subfield></datafield><datafield ind1=" " ind2=" " tag="337"><subfield code="b">n</subfield><subfield code="2">rdamedia</subfield></datafield><datafield ind1=" " ind2=" " tag="338"><subfield code="b">nc</subfield><subfield code="2">rdacarrier</subfield></datafield><datafield ind1="1" ind2=" " tag="490"><subfield code="a">Die ägyptisch-hethitische Korrespondenz aus Boghazköi in babylonischer und hethitischer Sprache</subfield><subfield code="v">Bd. 2</subfield></datafield><datafield ind1="1" ind2=" " tag="490"><subfield code="a">Abhandlungen der Rheinisch-Westfälischen Akademie der Wissenschaften</subfield><subfield code="v">Bd. 77,2</subfield></datafield><datafield ind1=" " ind2=" " tag="830"><subfield code="a">&lt;&lt;Die&gt;&gt; ägyptisch-hethitische Korrespondenz aus Boghazköi in babylonischer und hethitischer Sprache</subfield><subfield code="v">2</subfield><subfield code="w">(RERO)2127175-41slsp</subfield></datafield><datafield ind1=" " ind2=" " tag="830"><subfield code="a">Abhandlungen der Rheinisch-westfälischen Akademie der Wissenschaften</subfield><subfield code="v">77/2</subfield><subfield code="w">(IDSBB)000011024DSV01</subfield></datafield><datafield ind1=" " ind2=" " tag="830"><subfield code="a">Abhandlungen der Rheinisch-Westfälischen Akademie der Wissenschaften</subfield><subfield code="v">77,2</subfield><subfield code="w">(RERO)0098638-41slsp</subfield></datafield><datafield ind1=" " ind2=" " tag="900"><subfield code="a">REROnoselfmerge</subfield></datafield></record>
</metadata></record><record><header status="deleted"><identifier>oai:alma.41SLSP_UGE:991000049819705502</identifier><datestamp>2024-02-22T01:18:18Z</datestamp><setSpec>uge_bcen_RapidILL_BOOK</setSpec><setSpec>uge_aaca_RapidILL_BOOK</setSpec><setSpec>uge_abels_RapidILL_BOOK</setSpec><setSpec>uge_dbu_RapidILL_BOOK</setSpec><setSpec>uge_cmu_RapidILL_BOOK</setSpec><setSpec>uge_mail_RapidILL_BOOK</setSpec><setSpec>uge_abbat_RapidILL_BOOK</setSpec><setSpec>UNIGE_ALL</setSpec><setSpec>uge_acar_RapidILL_BOOK</setSpec><setSpec>uge_aobs_RapidILL_BOOK</setSpec></header></record>