<record><header><identifier>oai:alma.41SLSP_UGE:991000050239705502</identifier><datestamp>2024-05-04T00:37:47Z</datestamp><setSpec>uge_bcen_RapidILL_BOOK</setSpec><setSpec>uge_aaca_RapidILL_BOOK</setSpec><setSpec>uge_abels_RapidILL_BOOK</setSpec><setSpec>uge_dbu_RapidILL_BOOK</setSpec><setSpec>uge_cmu_RapidILL_BOOK</setSpec><setSpec>uge_mail_RapidILL_BOOK</setSpec><setSpec>uge_abbat_RapidILL_BOOK</setSpec><setSpec>UNIGE_ALL</setSpec><setSpec>uge_acar_RapidILL_BOOK</setSpec><setSpec>uge_aobs_RapidILL_BOOK</setSpec></header><metadata>
<record xmlns="http://www.loc.gov/MARC21/slim" xmlns:xsi="http://www.w3.org/2001/XMLSchema-instance" xsi:schemaLocation="http://www.loc.gov/MARC21/slim http://www.loc.gov/standards/marcxml/schema/MARC21slim.xsd"><leader>03252nam a2200637 c 4500</leader><controlfield tag="001">991000050239705502</controlfield><controlfield tag="005">20230704112044.0</controlfield><controlfield tag="008">201011s2012    fr            00| | fre d</controlfield><datafield ind1=" " ind2=" " tag="020"><subfield code="a">2745322982</subfield></datafield><datafield ind1=" " ind2=" " tag="020"><subfield code="a">9782745322982</subfield></datafield><datafield ind1=" " ind2=" " tag="035"><subfield code="a">(swissbib)212534122-41slsp_network</subfield></datafield><datafield ind1=" " ind2=" " tag="035"><subfield code="a">212534122</subfield><subfield code="9">ExL</subfield></datafield><datafield ind1=" " ind2=" " tag="035"><subfield code="a">(IDSSG)000583507HSB01</subfield></datafield><datafield ind1=" " ind2=" " tag="035"><subfield code="a">(RERO)R007096224-41slsp</subfield></datafield><datafield ind1=" " ind2=" " tag="035"><subfield code="a">(NEBIS)007320283EBI01</subfield></datafield><datafield ind1=" " ind2=" " tag="035"><subfield code="a">(IDSBB)006449078DSV01</subfield></datafield><datafield ind1=" " ind2=" " tag="035"><subfield code="a">(OCoLC)798805179</subfield></datafield><datafield ind1=" " ind2=" " tag="035"><subfield code="a">(EXLNZ-41SLSP_NETWORK)991049909129705501</subfield></datafield><datafield ind1=" " ind2=" " tag="040"><subfield code="a">DE-604</subfield><subfield code="b">ger</subfield><subfield code="e">rda</subfield><subfield code="d">CH-ZuSLS</subfield></datafield><datafield ind1=" " ind2=" " tag="044"><subfield code="a">sz</subfield><subfield code="c">ch-ge</subfield></datafield><datafield ind1=" " ind2="7" tag="072"><subfield code="a">fr</subfield><subfield code="2">rero</subfield></datafield><datafield ind1=" " ind2="7" tag="072"><subfield code="a">fl</subfield><subfield code="2">SzZuIDS BS/BE</subfield></datafield><datafield ind1="0" ind2="4" tag="082"><subfield code="a">800</subfield></datafield><datafield ind1="1" ind2="4" tag="082"><subfield code="a">843</subfield><subfield code="2">21</subfield></datafield><datafield ind1="1" ind2="4" tag="082"><subfield code="a">841</subfield><subfield code="2">15</subfield></datafield><datafield ind1="1" ind2="4" tag="082"><subfield code="a">840</subfield><subfield code="2">15</subfield></datafield><datafield ind1="1" ind2=" " tag="100"><subfield code="a">Goncourt, Edmond &lt;&lt;de&gt;&gt;</subfield><subfield code="d">1822-1896</subfield><subfield code="6">880-01</subfield><subfield code="0">(DE-588)118540688</subfield><subfield code="e">Verfasser</subfield><subfield code="4">aut</subfield></datafield><datafield ind1="1" ind2=" " tag="880"><subfield code="6">100-01</subfield><subfield code="a">Goncourt, Edmond de</subfield><subfield code="d">1822-1896</subfield><subfield code="0">(IDREF)027835987</subfield><subfield code="4">aut</subfield></datafield><datafield ind1="1" ind2="0" tag="245"><subfield code="a">&lt;&lt;Les&gt;&gt; frères Zemganno</subfield><subfield code="c">Edmond de Goncourt ; édition critique par Catherine Dousteyssier-Khoze</subfield></datafield><datafield ind1=" " ind2="1" tag="264"><subfield code="a">Paris</subfield><subfield code="b">Honoré Champion Éditeur</subfield><subfield code="c">2012</subfield></datafield><datafield ind1=" " ind2=" " tag="300"><subfield code="a">305 p.</subfield><subfield code="c">23 cm</subfield></datafield><datafield ind1=" " ind2=" " tag="336"><subfield code="b">txt</subfield><subfield code="2">rdacontent</subfield></datafield><datafield ind1=" " ind2=" " tag="337"><subfield code="b">n</subfield><subfield code="2">rdamedia</subfield></datafield><datafield ind1=" " ind2=" " tag="338"><subfield code="b">nc</subfield><subfield code="2">rdacarrier</subfield></datafield><datafield ind1="1" ind2=" " tag="490"><subfield code="a">Oeuvres complètes. Oeuvres romanesques / Edmond de Goncourt</subfield><subfield code="v">Tome 9</subfield></datafield><datafield ind1="1" ind2=" " tag="490"><subfield code="a">Textes de littérature moderne et contemporaine</subfield><subfield code="v">143</subfield></datafield><datafield ind1="1" ind2=" " tag="490"><subfield code="a">Oeuvres complètes des frères Goncourt. 1, Oeuvres romanesques</subfield><subfield code="v">t. 9</subfield></datafield><datafield ind1="1" ind2="7" tag="600"><subfield code="a">Goncourt, Edmond &lt;&lt;de&gt;&gt;</subfield><subfield code="d">1822-1896</subfield><subfield code="t">&lt;&lt;Les&gt;&gt; frères Zemganno</subfield><subfield code="0">(DE-588)1025139631</subfield><subfield code="2">gnd</subfield></datafield><datafield ind1=" " ind2="7" tag="650"><subfield code="a">Roman</subfield><subfield code="2">idszbz</subfield></datafield><datafield ind1=" " ind2="7" tag="650"><subfield code="a">Französisch</subfield><subfield code="2">idszbz</subfield></datafield><datafield ind1=" " ind2="7" tag="655"><subfield code="a">Kritische Ausgabe</subfield><subfield code="2">idszbz</subfield></datafield><datafield ind1=" " ind2=" " tag="690"><subfield code="a">Roman[100]; Bruder[36]; Alain[7]; Zirkus[6]; Genesis[6]; Journal[6]; Sohn[6]; Goncourt</subfield><subfield code="2">idssg-J</subfield></datafield><datafield ind1=" " ind2=" " tag="690"><subfield code="a">Bühnenfassung; Marktschreier; Meistereditor; Schlüsselrolle; Akrobatikakt; Indexname</subfield><subfield code="2">idssg-J</subfield></datafield><datafield ind1=" " ind2=" " tag="690"><subfield code="a">altehrwürdiger Meistereditor; autobiografisches Thema; generische Interferenz; kritische Edition; literarischer Kreis; neunzehntes Jahrhundert; pariser Triumph</subfield><subfield code="2">idssg-J</subfield></datafield><datafield ind1=" " ind2=" " tag="690"><subfield code="a">Frankreich C4EUFR</subfield><subfield code="2">idssg-J</subfield></datafield><datafield ind1=" " ind2=" " tag="690"><subfield code="a">Alain Montandon; Band Brüder Zemganno Kritische Edition; Bruder Zemganno Edmond; Catherine Dousteyssier; Frau Zirkus; Goncourt COMPLETE; pariser Triumph Hanlon Lees; Receipt of Brothers Zemganno; Schlüssel Intertexte Brüder Zemganno</subfield><subfield code="2">idssg-J</subfield></datafield><datafield ind1="1" ind2=" " tag="700"><subfield code="6">880-02</subfield><subfield code="a">Dousteyssier-Khoze, Catherine</subfield><subfield code="d">1973-</subfield><subfield code="0">(DE-588)132391937</subfield><subfield code="e">Herausgeber</subfield><subfield code="4">edt</subfield></datafield><datafield ind1="1" ind2=" " tag="880"><subfield code="6">700-02</subfield><subfield code="a">Dousteyssier-Khoze, Catherine</subfield><subfield code="d">19..-....</subfield><subfield code="0">(IDREF)080708706</subfield><subfield code="4">edt</subfield></datafield><datafield ind1="4" ind2=" " tag="856"><subfield code="3">Titelblatt und Inhaltsverzeichnis</subfield><subfield code="u">https://toc.library.ethz.ch/objects/pdf/z01_978-2-7453-2298-2_01.pdf</subfield><subfield code="q">pdf</subfield></datafield><datafield ind1=" " ind2=" " tag="830"><subfield code="a">Textes de littérature moderne et contemporaine</subfield><subfield code="v">143</subfield><subfield code="w">(RERO)1997240-41slsp</subfield></datafield><datafield ind1=" " ind2=" " tag="830"><subfield code="a">Textes de littérature moderne et contemporaine</subfield><subfield code="v">143</subfield><subfield code="w">(IDSBB)001170799DSV01</subfield></datafield><datafield ind1="1" ind2=" " tag="800"><subfield code="a">Goncourt, Edmond &lt;&lt;de&gt;&gt;</subfield><subfield code="d">1822-1896</subfield><subfield code="t">Werke</subfield><subfield code="v">1/9</subfield><subfield code="w">(IDSBB)006449049DSV01</subfield></datafield><datafield ind1="1" ind2=" " tag="800"><subfield code="a">Goncourt, Edmond &lt;&lt;de&gt;&gt;</subfield><subfield code="d">1822-1896</subfield><subfield code="t">Werke</subfield><subfield code="v">1/9</subfield><subfield code="w">(IDSSG)000598624HSB01</subfield></datafield><datafield ind1=" " ind2=" " tag="900"><subfield code="a">REROnoselfmerge</subfield></datafield><datafield ind1=" " ind2=" " tag="900"><subfield code="a">IDSZ2zbzmon201207p</subfield><subfield code="c">IDSZ2dome</subfield><subfield code="d">IDSZ2zbzswk201207b</subfield><subfield code="e">IDSZ2lanz</subfield></datafield><datafield ind1=" " ind2=" " tag="900"><subfield code="a">IDSDSStoppsignal FRED</subfield></datafield><datafield ind1=" " ind2=" " tag="949"><subfield code="a">https://toc.library.ethz.ch/objects/pdf/z01_978-2-7453-2298-2_01.pdf</subfield></datafield></record>
</metadata></record>