<record><header><identifier>oai:alma.41SLSP_UGE:991000046839705502</identifier><datestamp>2024-07-17T00:10:18Z</datestamp><setSpec>uge_bcen_RapidILL_BOOK</setSpec><setSpec>uge_aaca_RapidILL_BOOK</setSpec><setSpec>uge_abels_RapidILL_BOOK</setSpec><setSpec>uge_dbu_RapidILL_BOOK</setSpec><setSpec>uge_cmu_RapidILL_BOOK</setSpec><setSpec>uge_mail_RapidILL_BOOK</setSpec><setSpec>uge_abbat_RapidILL_BOOK</setSpec><setSpec>UNIGE_ALL</setSpec><setSpec>uge_aobs_RapidILL_BOOK</setSpec><setSpec>uge_acar_RapidILL_BOOK</setSpec></header><metadata>
<record xmlns="http://www.loc.gov/MARC21/slim" xmlns:xsi="http://www.w3.org/2001/XMLSchema-instance" xsi:schemaLocation="http://www.loc.gov/MARC21/slim http://www.loc.gov/standards/marcxml/schema/MARC21slim.xsd"><leader>02339nam a2200673 c 4500</leader><controlfield tag="001">991000046839705502</controlfield><controlfield tag="005">20230717144007.0</controlfield><controlfield tag="008">201012s1967    xxu||||| |||| 00| ||eng d</controlfield><datafield ind1=" " ind2=" " tag="035"><subfield code="a">(swissbib)237054981-41slsp_network</subfield></datafield><datafield ind1=" " ind2=" " tag="035"><subfield code="a">237054981</subfield><subfield code="9">ExL</subfield></datafield><datafield ind1=" " ind2=" " tag="035"><subfield code="a">(RERO)R008657911-41slsp</subfield></datafield><datafield ind1=" " ind2=" " tag="035"><subfield code="a">(IDSBB)003698330DSV01</subfield></datafield><datafield ind1=" " ind2=" " tag="035"><subfield code="a">(NEBIS)009207276EBI01</subfield></datafield><datafield ind1=" " ind2=" " tag="035"><subfield code="a">(NEBIS)005505776EBI01</subfield></datafield><datafield ind1=" " ind2=" " tag="035"><subfield code="a">(EXLNZ-41SLSP_NETWORK)991088223269705501</subfield></datafield><datafield ind1=" " ind2=" " tag="040"><subfield code="a">RERO geuth-</subfield><subfield code="d">CH-ZuSLS</subfield></datafield><datafield ind1=" " ind2="7" tag="072"><subfield code="a">sp</subfield><subfield code="2">rero</subfield></datafield><datafield ind1=" " ind2="7" tag="072"><subfield code="a">th</subfield><subfield code="2">SzZuIDS BS/BE</subfield></datafield><datafield ind1="0" ind2="0" tag="082"><subfield code="a">973.92</subfield><subfield code="2">22</subfield></datafield><datafield ind1="0" ind2="0" tag="082"><subfield code="a">323.1/196073</subfield><subfield code="2">20</subfield></datafield><datafield ind1="0" ind2="4" tag="082"><subfield code="a">301.451</subfield><subfield code="b">C287b</subfield></datafield><datafield ind1="1" ind2=" " tag="100"><subfield code="a">Carmichael, Stokely</subfield><subfield code="d">1941-1998</subfield><subfield code="6">880-01</subfield><subfield code="0">(DE-588)123021774</subfield></datafield><datafield ind1="1" ind2=" " tag="880"><subfield code="6">100-01</subfield><subfield code="a">Carmichael, Stokely</subfield><subfield code="d">1941-1998</subfield><subfield code="0">(IDREF)069261970</subfield><subfield code="4">cre</subfield></datafield><datafield ind1="1" ind2="0" tag="245"><subfield code="a">Black power</subfield><subfield code="b">the politics of liberation in America</subfield><subfield code="c">Stockely Carmichael and Charles V. Hamilton</subfield></datafield><datafield ind1=" " ind2="1" tag="264"><subfield code="a">New York</subfield><subfield code="b">Vintage Books</subfield><subfield code="c">1967</subfield></datafield><datafield ind1=" " ind2=" " tag="300"><subfield code="a">XII, 198 p.</subfield><subfield code="c">18 cm</subfield></datafield><datafield ind1=" " ind2=" " tag="336"><subfield code="b">txt</subfield><subfield code="2">rdacontent</subfield></datafield><datafield ind1=" " ind2=" " tag="337"><subfield code="b">n</subfield><subfield code="2">rdamedia</subfield></datafield><datafield ind1=" " ind2=" " tag="338"><subfield code="b">nc</subfield><subfield code="2">rdacarrier</subfield></datafield><datafield ind1="1" ind2=" " tag="490"><subfield code="a">Vintage books</subfield><subfield code="v">V-33</subfield></datafield><datafield ind1="0" ind2=" " tag="490"><subfield code="a">A Vintage book</subfield><subfield code="v">V-33</subfield></datafield><datafield ind1="2" ind2="0" tag="610"><subfield code="a">New England Free Press</subfield><subfield code="x">Publishing</subfield></datafield><datafield ind1=" " ind2="4" tag="650"><subfield code="a">Liberalisierung</subfield></datafield><datafield ind1=" " ind2="4" tag="650"><subfield code="a">Machtstruktur</subfield></datafield><datafield ind1=" " ind2="4" tag="650"><subfield code="a">Politischer Wandel</subfield></datafield><datafield ind1=" " ind2="4" tag="650"><subfield code="a">Schwarze</subfield></datafield><datafield ind1=" " ind2="4" tag="650"><subfield code="a">Wahlrecht</subfield></datafield><datafield ind1=" " ind2="7" tag="650"><subfield code="a">Black power</subfield><subfield code="0">(DE-588)4145787-0</subfield><subfield code="2">gnd</subfield></datafield><datafield ind1=" " ind2="7" tag="650"><subfield code="a">Bürgerrechtsbewegung</subfield><subfield code="0">(DE-588)4146878-8</subfield><subfield code="2">gnd</subfield></datafield><datafield ind1=" " ind2="7" tag="650"><subfield code="a">Rassenfrage</subfield><subfield code="0">(DE-588)4176975-2</subfield><subfield code="2">gnd</subfield></datafield><datafield ind1=" " ind2="7" tag="650"><subfield code="a">Politische Identität</subfield><subfield code="0">(DE-588)4129611-4</subfield><subfield code="2">gnd</subfield></datafield><datafield ind1=" " ind2="0" tag="650"><subfield code="a">African Americans</subfield><subfield code="x">Civil rights</subfield></datafield><datafield ind1=" " ind2="0" tag="650"><subfield code="a">African Americans</subfield><subfield code="x">Politics and government</subfield></datafield><datafield ind1=" " ind2="0" tag="650"><subfield code="a">Black power</subfield></datafield><datafield ind1=" " ind2="0" tag="650"><subfield code="a">Black power</subfield><subfield code="z">United States</subfield></datafield><datafield ind1=" " ind2="0" tag="650"><subfield code="a">Race relations</subfield></datafield><datafield ind1=" " ind2="0" tag="650"><subfield code="a">Racism</subfield><subfield code="z">United States</subfield></datafield><datafield ind1=" " ind2="0" tag="650"><subfield code="a">Radicalism</subfield><subfield code="z">United States</subfield></datafield><datafield ind1=" " ind2="0" tag="650"><subfield code="a">Revolutionary literature</subfield></datafield><datafield ind1=" " ind2="4" tag="651"><subfield code="a">USA</subfield></datafield><datafield ind1=" " ind2="7" tag="651"><subfield code="a">USA</subfield><subfield code="0">(DE-588)4078704-7</subfield><subfield code="2">gnd</subfield></datafield><datafield ind1=" " ind2="0" tag="651"><subfield code="a">United States</subfield><subfield code="x">History</subfield><subfield code="y">1945-</subfield></datafield><datafield ind1=" " ind2="0" tag="651"><subfield code="a">United States</subfield><subfield code="x">History</subfield><subfield code="y">1945-</subfield><subfield code="v">Sources</subfield></datafield><datafield ind1=" " ind2="0" tag="651"><subfield code="a">United States</subfield><subfield code="x">Social conditions</subfield><subfield code="y">1945-</subfield></datafield><datafield ind1=" " ind2="0" tag="651"><subfield code="a">United States</subfield><subfield code="x">Social conditions</subfield><subfield code="y">1945-</subfield><subfield code="v">Sources</subfield></datafield><datafield ind1="1" ind2=" " tag="700"><subfield code="a">Hamilton, Charles V.</subfield><subfield code="0">(IDREF)058477314</subfield></datafield><datafield ind1=" " ind2="0" tag="830"><subfield code="a">Vintage books</subfield><subfield code="v">-33</subfield><subfield code="w">(RERO)0373677-41slsp</subfield></datafield><datafield ind1=" " ind2=" " tag="900"><subfield code="a">REROnoselfmerge</subfield></datafield><datafield ind1=" " ind2=" " tag="900"><subfield code="a">IDSERMedeaSOZARCH</subfield></datafield><datafield ind1=" " ind2=" " tag="900"><subfield code="a">IDSZRMedeaZBZ</subfield><subfield code="b">IDSZRSWK</subfield></datafield></record>
</metadata></record>