<record><header><identifier>oai:alma.41SLSP_UGE:991000047149705502</identifier><datestamp>2023-03-01T01:08:47Z</datestamp><setSpec>uge_bcen_RapidILL_BOOK</setSpec><setSpec>uge_aaca_RapidILL_BOOK</setSpec><setSpec>uge_abels_RapidILL_BOOK</setSpec><setSpec>uge_dbu_RapidILL_BOOK</setSpec><setSpec>uge_cmu_RapidILL_BOOK</setSpec><setSpec>uge_mail_RapidILL_BOOK</setSpec><setSpec>UNIGE_ALL</setSpec><setSpec>uge_abbat_RapidILL_BOOK</setSpec><setSpec>uge_aobs_RapidILL_BOOK</setSpec><setSpec>uge_acar_RapidILL_BOOK</setSpec></header><metadata>
<record xmlns="http://www.loc.gov/MARC21/slim" xmlns:xsi="http://www.w3.org/2001/XMLSchema-instance" xsi:schemaLocation="http://www.loc.gov/MARC21/slim http://www.loc.gov/standards/marcxml/schema/MARC21slim.xsd"><leader>01647nam a2200361uc 4500</leader><controlfield tag="001">991000047149705502</controlfield><controlfield tag="005">20201231175414.0</controlfield><controlfield tag="008">201012s1999    xxu    |      00| ||eng|d</controlfield><datafield ind1=" " ind2=" " tag="020"><subfield code="a">9780511535970</subfield><subfield code="q">ebook</subfield></datafield><datafield ind1=" " ind2=" " tag="020"><subfield code="a">0521620864</subfield><subfield code="q">hbk.</subfield></datafield><datafield ind1="7" ind2=" " tag="024"><subfield code="a">http://catalogue.bnf.fr/ark:/12148/cb37099629r</subfield><subfield code="2">uri</subfield></datafield><datafield ind1=" " ind2=" " tag="035"><subfield code="a">(swissbib)240059093-41slsp_network</subfield></datafield><datafield ind1=" " ind2=" " tag="035"><subfield code="a">240059093</subfield><subfield code="9">ExL</subfield></datafield><datafield ind1=" " ind2=" " tag="035"><subfield code="a">(NEBIS)002006387EBI01</subfield></datafield><datafield ind1=" " ind2=" " tag="035"><subfield code="a">(RERO)R277369960-41slsp</subfield></datafield><datafield ind1=" " ind2=" " tag="035"><subfield code="a">(EXLNZ-41SLSP_NETWORK)991071896829705501</subfield></datafield><datafield ind1=" " ind2=" " tag="040"><subfield code="a">ETH-BIB</subfield><subfield code="b">ger</subfield><subfield code="e">ETHICS-ISBD</subfield><subfield code="d">CH-ZuSLS</subfield></datafield><datafield ind1=" " ind2="7" tag="072"><subfield code="a">ur</subfield><subfield code="2">rero</subfield></datafield><datafield ind1="0" ind2="0" tag="245"><subfield code="a">Creeping environmental problems and sustainable development in the Aral Sea basin</subfield><subfield code="c">ed. by Michael H. Glantz</subfield></datafield><datafield ind1=" " ind2="1" tag="264"><subfield code="a">New York</subfield><subfield code="b">Cambridge University Press</subfield><subfield code="c">1999</subfield></datafield><datafield ind1=" " ind2=" " tag="300"><subfield code="a">XII, 291 p.</subfield><subfield code="b">ill.</subfield><subfield code="c">26 cm</subfield></datafield><datafield ind1=" " ind2=" " tag="336"><subfield code="b">txt</subfield><subfield code="2">rdacontent</subfield></datafield><datafield ind1=" " ind2=" " tag="337"><subfield code="b">n</subfield><subfield code="2">rdamedia</subfield></datafield><datafield ind1=" " ind2=" " tag="338"><subfield code="b">nc</subfield><subfield code="2">rdacarrier</subfield></datafield><datafield ind1=" " ind2="7" tag="650"><subfield code="a">ARALSEE (BINNENSEE EURASIENS)</subfield><subfield code="9">ger</subfield><subfield code="0">(ETHUDK)000059054</subfield><subfield code="2">ethudk</subfield></datafield><datafield ind1=" " ind2="7" tag="650"><subfield code="a">FLUSSREGULIERUNG (FLUSSBAU)</subfield><subfield code="9">ger</subfield><subfield code="0">(ETHUDK)000030184</subfield><subfield code="2">ethudk</subfield></datafield><datafield ind1=" " ind2="7" tag="650"><subfield code="a">GLOBAL CHANGE + KLIMAERWÄRMUNG (KLIMATOLOGIE)</subfield><subfield code="9">ger</subfield><subfield code="0">(ETHUDK)000046096</subfield><subfield code="2">ethudk</subfield></datafield><datafield ind1=" " ind2="7" tag="650"><subfield code="a">KLIMASCHWANKUNGEN (KLIMATOLOGIE)</subfield><subfield code="9">ger</subfield><subfield code="0">(ETHUDK)000020416</subfield><subfield code="2">ethudk</subfield></datafield><datafield ind1=" " ind2="7" tag="650"><subfield code="a">UNPERIODISCHE SCHWANKUNG DES MEERESSPIEGELS (OZEANOGRAPHIE)</subfield><subfield code="9">ger</subfield><subfield code="0">(ETHUDK)000039384</subfield><subfield code="2">ethudk</subfield></datafield><datafield ind1=" " ind2="7" tag="650"><subfield code="a">WÜSTENBILDUNG (GEOMORPHOLOGIE)</subfield><subfield code="9">ger</subfield><subfield code="0">(ETHUDK)000020139</subfield><subfield code="2">ethudk</subfield></datafield><datafield ind1="1" ind2=" " tag="700"><subfield code="a">Glantz, Michael H.</subfield><subfield code="d">1939-</subfield><subfield code="0">(DE-588)17020331X</subfield><subfield code="6">880-02</subfield></datafield><datafield ind1="1" ind2=" " tag="880"><subfield code="6">700-02</subfield><subfield code="a">Glantz, Michael H.</subfield><subfield code="d">19..-....</subfield><subfield code="0">(IDREF)031637345</subfield></datafield><datafield ind1="4" ind2=" " tag="856"><subfield code="3">Abstract / Autoreninformation</subfield><subfield code="u">https://toc.library.ethz.ch/objects/pdf/000079427_e01_0521620864_02.pdf</subfield><subfield code="q">pdf</subfield></datafield><datafield ind1=" " ind2=" " tag="900"><subfield code="a">REROnoselfmerge</subfield></datafield></record>
</metadata></record>