<record><header><identifier>oai:alma.41SLSP_UGE:991000046319705502</identifier><datestamp>2024-09-28T00:17:41Z</datestamp><setSpec>uge_bcen_RapidILL_BOOK</setSpec><setSpec>uge_aaca_RapidILL_BOOK</setSpec><setSpec>uge_abels_RapidILL_BOOK</setSpec><setSpec>uge_dbu_RapidILL_BOOK</setSpec><setSpec>uge_cmu_RapidILL_BOOK</setSpec><setSpec>uge_mail_RapidILL_BOOK</setSpec><setSpec>uge_abbat_RapidILL_BOOK</setSpec><setSpec>UNIGE_ALL</setSpec><setSpec>uge_aobs_RapidILL_BOOK</setSpec><setSpec>uge_acar_RapidILL_BOOK</setSpec></header><metadata>
<record xmlns="http://www.loc.gov/MARC21/slim" xmlns:xsi="http://www.w3.org/2001/XMLSchema-instance" xsi:schemaLocation="http://www.loc.gov/MARC21/slim http://www.loc.gov/standards/marcxml/schema/MARC21slim.xsd"><leader>02652nam a2200721 c 4500</leader><controlfield tag="001">991000046319705502</controlfield><controlfield tag="005">20240927122126.0</controlfield><controlfield tag="008">201011t19881988xxu           00| | eng|d</controlfield><datafield ind1=" " ind2=" " tag="020"><subfield code="a">0803926030</subfield></datafield><datafield ind1=" " ind2=" " tag="035"><subfield code="a">(swissbib)22171412X-41slsp_network</subfield></datafield><datafield ind1=" " ind2=" " tag="035"><subfield code="a">22171412X</subfield><subfield code="9">ExL</subfield></datafield><datafield ind1=" " ind2=" " tag="035"><subfield code="a">(NEBIS)000475422EBI01</subfield></datafield><datafield ind1=" " ind2=" " tag="035"><subfield code="a">(IDSSG)000052386HSB01</subfield></datafield><datafield ind1=" " ind2=" " tag="035"><subfield code="a">(IDSBB)000834626DSV01</subfield></datafield><datafield ind1=" " ind2=" " tag="035"><subfield code="a">(RERO)0990655-41slsp</subfield></datafield><datafield ind1=" " ind2=" " tag="035"><subfield code="a">(EXLNZ-41SLSP_NETWORK)991152915939705501</subfield></datafield><datafield ind1=" " ind2=" " tag="040"><subfield code="a">ETH-BIB</subfield><subfield code="b">ger</subfield><subfield code="e">ETHICS-ISBD</subfield><subfield code="d">CH-ZuSLS</subfield></datafield><datafield ind1=" " ind2="7" tag="072"><subfield code="a">sz</subfield><subfield code="2">SzZuIDS BS/BE</subfield></datafield><datafield ind1=" " ind2="7" tag="072"><subfield code="a">ur</subfield><subfield code="2">rero</subfield></datafield><datafield ind1="0" ind2="0" tag="082"><subfield code="a">307.7/64</subfield><subfield code="2">19</subfield></datafield><datafield ind1="1" ind2="4" tag="082"><subfield code="a">307.764</subfield><subfield code="2">22</subfield></datafield><datafield ind1="1" ind2="4" tag="082"><subfield code="a">300</subfield><subfield code="2">15</subfield></datafield><datafield ind1=" " ind2=" " tag="084"><subfield code="a">MS 1750</subfield><subfield code="2">rvk</subfield></datafield><datafield ind1=" " ind2=" " tag="084"><subfield code="a">RB 10633</subfield><subfield code="2">rvk</subfield></datafield><datafield ind1=" " ind2=" " tag="084"><subfield code="a">ZH 9000</subfield><subfield code="2">rvk</subfield></datafield><datafield ind1="0" ind2="0" tag="245"><subfield code="a">Mega-Cities</subfield><subfield code="c">ed. Mattei Dogan, John D. Kasarda</subfield></datafield><datafield ind1=" " ind2="1" tag="264"><subfield code="a">Newbury Park, Calif.</subfield><subfield code="b">Sage</subfield><subfield code="c">1988</subfield></datafield><datafield ind1=" " ind2="4" tag="264"><subfield code="c">© 1988</subfield></datafield><datafield ind1=" " ind2=" " tag="300"><subfield code="a">322 S.</subfield><subfield code="c">23 cm</subfield><subfield code="b">Ill.</subfield></datafield><datafield ind1=" " ind2=" " tag="336"><subfield code="b">txt</subfield><subfield code="2">rdacontent</subfield></datafield><datafield ind1=" " ind2=" " tag="337"><subfield code="b">n</subfield><subfield code="2">rdamedia</subfield></datafield><datafield ind1=" " ind2=" " tag="338"><subfield code="b">nc</subfield><subfield code="2">rdacarrier</subfield></datafield><datafield ind1="1" ind2=" " tag="490"><subfield code="a">The Metropolis era</subfield><subfield code="v">vol. 2</subfield></datafield><datafield ind1=" " ind2=" " tag="504"><subfield code="a">Literaturverz. am Ende der Beitr.</subfield></datafield><datafield ind1=" " ind2="7" tag="650"><subfield code="a">Ballungsraum</subfield><subfield code="0">(DE-588)4069106-8</subfield><subfield code="2">gnd</subfield></datafield><datafield ind1=" " ind2="7" tag="650"><subfield code="a">Großstadt</subfield><subfield code="0">(DE-588)4022233-0</subfield><subfield code="2">gnd</subfield></datafield><datafield ind1=" " ind2="7" tag="650"><subfield code="a">Internationaler Vergleich</subfield><subfield code="0">(DE-588)4120509-1</subfield><subfield code="2">gnd</subfield></datafield><datafield ind1=" " ind2="7" tag="650"><subfield code="a">Kongress</subfield><subfield code="0">(DE-588)4130470-6</subfield><subfield code="2">gnd</subfield></datafield><datafield ind1=" " ind2="7" tag="650"><subfield code="a">Megastadt</subfield><subfield code="0">(DE-588)7606947-3</subfield><subfield code="2">gnd</subfield></datafield><datafield ind1=" " ind2="7" tag="650"><subfield code="a">Metropole</subfield><subfield code="0">(DE-588)4125924-5</subfield><subfield code="2">gnd</subfield></datafield><datafield ind1=" " ind2="7" tag="650"><subfield code="a">Metropolregion</subfield><subfield code="0">(DE-588)7532090-3</subfield><subfield code="2">gnd</subfield></datafield><datafield ind1=" " ind2="7" tag="650"><subfield code="a">Stadt</subfield><subfield code="0">(DE-588)4056723-0</subfield><subfield code="2">gnd</subfield></datafield><datafield ind1=" " ind2="7" tag="650"><subfield code="a">Stadtentwicklung</subfield><subfield code="0">(DE-588)4056730-8</subfield><subfield code="2">gnd</subfield></datafield><datafield ind1=" " ind2="7" tag="650"><subfield code="a">Stadtökonomie</subfield><subfield code="0">(DE-588)4182752-1</subfield><subfield code="2">gnd</subfield></datafield><datafield ind1=" " ind2="7" tag="650"><subfield code="a">Wachstum</subfield><subfield code="0">(DE-588)4064115-6</subfield><subfield code="2">gnd</subfield></datafield><datafield ind1=" " ind2="7" tag="650"><subfield code="a">Weltstadt</subfield><subfield code="0">(DE-588)4122411-5</subfield><subfield code="2">gnd</subfield></datafield><datafield ind1=" " ind2="0" tag="650"><subfield code="a">Cities and towns</subfield></datafield><datafield ind1=" " ind2="0" tag="650"><subfield code="a">Cities and towns</subfield><subfield code="v">Case studies</subfield></datafield><datafield ind1=" " ind2="0" tag="650"><subfield code="a">Cities and towns</subfield><subfield code="x">Growth</subfield></datafield><datafield ind1=" " ind2="0" tag="650"><subfield code="a">City planning</subfield></datafield><datafield ind1=" " ind2="0" tag="650"><subfield code="a">Metropolitan areas</subfield></datafield><datafield ind1=" " ind2="0" tag="650"><subfield code="a">Sociology, Urban</subfield></datafield><datafield ind1=" " ind2="0" tag="650"><subfield code="a">Urbanization</subfield></datafield><datafield ind1=" " ind2="7" tag="650"><subfield code="a">METROPOLISIERUNG + MILLIONENSTÄDTE + WELTSTÄDTE + METROPOLEN (STÄDTEWESEN)</subfield><subfield code="9">ger</subfield><subfield code="0">(ETHUDK)000036659</subfield><subfield code="2">ethudk</subfield></datafield><datafield ind1=" " ind2="7" tag="650"><subfield code="a">grande ville</subfield><subfield code="0">(RERO)A009954612</subfield><subfield code="2">rerovoc</subfield></datafield><datafield ind1=" " ind2="7" tag="650"><subfield code="a">Sociologie</subfield><subfield code="0">(IDREF)049647490</subfield><subfield code="2">idref</subfield></datafield><datafield ind1=" " ind2="7" tag="650"><subfield code="a">Urbanisme</subfield><subfield code="0">(IDREF)027254925</subfield><subfield code="2">idref</subfield></datafield><datafield ind1=" " ind2="7" tag="655"><subfield code="a">[Études diverses]</subfield><subfield code="0">(RERO)A022249905</subfield><subfield code="2">rero</subfield></datafield><datafield ind1=" " ind2=" " tag="690"><subfield code="a">112</subfield><subfield code="d">Stadt, Städtische Siedlungen, Stadtgeographie allgemein</subfield><subfield code="2">uzb-UJ</subfield></datafield><datafield ind1=" " ind2=" " tag="690"><subfield code="a">260-11</subfield><subfield code="d">Welt, Globale Ebene: Siedlungsgeographie</subfield><subfield code="2">uzb-UJ</subfield></datafield><datafield ind1=" " ind2=" " tag="690"><subfield code="a">114a</subfield><subfield code="d">Stadtentwicklungsmodelle, Stadtentwicklungstheorien</subfield></datafield><datafield ind1="1" ind2=" " tag="700"><subfield code="a">Dogan, Mattei</subfield></datafield><datafield ind1=" " ind2=" " tag="830"><subfield code="a">&lt;&lt;The&gt;&gt; metropolis era</subfield><subfield code="v">2</subfield><subfield code="w">(NEBIS)000475420EBI01</subfield></datafield><datafield ind1=" " ind2=" " tag="900"><subfield code="a">REROnoselfmerge</subfield></datafield></record>
</metadata></record>