<record><header><identifier>oai:alma.41SLSP_UGE:991000047069705502</identifier><datestamp>2023-03-27T00:20:57Z</datestamp><setSpec>uge_bcen_RapidILL_BOOK</setSpec><setSpec>uge_aaca_RapidILL_BOOK</setSpec><setSpec>uge_abels_RapidILL_BOOK</setSpec><setSpec>uge_dbu_RapidILL_BOOK</setSpec><setSpec>uge_cmu_RapidILL_BOOK</setSpec><setSpec>uge_mail_RapidILL_BOOK</setSpec><setSpec>uge_abbat_RapidILL_BOOK</setSpec><setSpec>UNIGE_ALL</setSpec><setSpec>uge_acar_RapidILL_BOOK</setSpec><setSpec>uge_aobs_RapidILL_BOOK</setSpec></header><metadata>
<record xmlns="http://www.loc.gov/MARC21/slim" xmlns:xsi="http://www.w3.org/2001/XMLSchema-instance" xsi:schemaLocation="http://www.loc.gov/MARC21/slim http://www.loc.gov/standards/marcxml/schema/MARC21slim.xsd"><leader>01138nam a2200313 c 4500</leader><controlfield tag="001">991000047069705502</controlfield><controlfield tag="005">20230325195756.0</controlfield><controlfield tag="008">910927s1990    xxu||||| |||| 00| ||eng d</controlfield><datafield ind1=" " ind2=" " tag="020"><subfield code="a">0813752116</subfield></datafield><datafield ind1="7" ind2=" " tag="024"><subfield code="a">http://catalogue.bnf.fr/ark:/12148/cb37451798s</subfield><subfield code="2">uri</subfield></datafield><datafield ind1=" " ind2=" " tag="035"><subfield code="a">(swissbib)085922196-41slsp_network</subfield></datafield><datafield ind1=" " ind2=" " tag="035"><subfield code="a">085922196</subfield><subfield code="9">ExL</subfield></datafield><datafield ind1=" " ind2=" " tag="035"><subfield code="a">(RERO)1432566-41slsp</subfield></datafield><datafield ind1=" " ind2=" " tag="035"><subfield code="a">(EXLNZ-41SLSP_NETWORK)991037461779705501</subfield></datafield><datafield ind1=" " ind2=" " tag="040"><subfield code="a">RERO geusst</subfield><subfield code="d">CH-ZuSLS</subfield></datafield><datafield ind1=" " ind2="7" tag="072"><subfield code="a">st</subfield><subfield code="2">rero</subfield></datafield><datafield ind1="0" ind2="0" tag="245"><subfield code="a">&lt;&lt;The&gt;&gt; Artic Ocean region</subfield><subfield code="c">ed. by Arthur Grantz, L. Johnson, J.F. Sweeney</subfield></datafield><datafield ind1=" " ind2="1" tag="264"><subfield code="a">Boulder CO</subfield><subfield code="b">Geological Society of America</subfield><subfield code="c">1990</subfield></datafield><datafield ind1=" " ind2=" " tag="300"><subfield code="a">X, 644 p.</subfield><subfield code="b">ill.</subfield><subfield code="c">29 cm</subfield><subfield code="e">3 microfiches + 1 emboîtage de 11 cartes</subfield></datafield><datafield ind1=" " ind2=" " tag="336"><subfield code="b">txt</subfield><subfield code="2">rdacontent</subfield></datafield><datafield ind1=" " ind2=" " tag="337"><subfield code="b">n</subfield><subfield code="2">rdamedia</subfield></datafield><datafield ind1=" " ind2=" " tag="338"><subfield code="b">nc</subfield><subfield code="2">rdacarrier</subfield></datafield><datafield ind1="1" ind2=" " tag="490"><subfield code="a">Geology of North America</subfield><subfield code="v">L</subfield></datafield><datafield ind1=" " ind2="7" tag="650"><subfield code="a">Océanographie</subfield><subfield code="0">(IDREF)027243915</subfield><subfield code="2">idref</subfield></datafield><datafield ind1=" " ind2="7" tag="651"><subfield code="a">Arctique (océan, bassin)</subfield><subfield code="0">(RERO)A009960546</subfield><subfield code="2">rero</subfield></datafield><datafield ind1="1" ind2=" " tag="700"><subfield code="a">Johnson, L</subfield><subfield code="0">(RERO)A003427850</subfield></datafield><datafield ind1="1" ind2=" " tag="700"><subfield code="a">Sweeney, J.F</subfield><subfield code="0">(RERO)A003878855</subfield></datafield><datafield ind1="1" ind2=" " tag="700"><subfield code="a">Grantz, Arthur</subfield><subfield code="d">1927-....</subfield><subfield code="0">(IDREF)033680426</subfield></datafield><datafield ind1=" " ind2="0" tag="830"><subfield code="a">Geology of North America</subfield><subfield code="v">L</subfield></datafield><datafield ind1=" " ind2=" " tag="900"><subfield code="a">REROnoselfmerge</subfield></datafield></record>
</metadata></record>