<record><header><identifier>oai:alma.41SLSP_UGE:991000046959705502</identifier><datestamp>2023-03-01T01:08:47Z</datestamp><setSpec>uge_bcen_RapidILL_BOOK</setSpec><setSpec>uge_aaca_RapidILL_BOOK</setSpec><setSpec>uge_abels_RapidILL_BOOK</setSpec><setSpec>uge_dbu_RapidILL_BOOK</setSpec><setSpec>uge_cmu_RapidILL_BOOK</setSpec><setSpec>uge_mail_RapidILL_BOOK</setSpec><setSpec>UNIGE_ALL</setSpec><setSpec>uge_abbat_RapidILL_BOOK</setSpec><setSpec>uge_aobs_RapidILL_BOOK</setSpec><setSpec>uge_acar_RapidILL_BOOK</setSpec></header><metadata>
<record xmlns="http://www.loc.gov/MARC21/slim" xmlns:xsi="http://www.w3.org/2001/XMLSchema-instance" xsi:schemaLocation="http://www.loc.gov/MARC21/slim http://www.loc.gov/standards/marcxml/schema/MARC21slim.xsd"><leader>01141nam a2200289 c 4500</leader><controlfield tag="001">991000046959705502</controlfield><controlfield tag="005">20201225192453.0</controlfield><controlfield tag="008">911017s1925    xxu||||| |||| 00| ||eng d</controlfield><datafield ind1=" " ind2=" " tag="035"><subfield code="a">(swissbib)085976814-41slsp_network</subfield></datafield><datafield ind1=" " ind2=" " tag="035"><subfield code="a">085976814</subfield><subfield code="9">ExL</subfield></datafield><datafield ind1=" " ind2=" " tag="035"><subfield code="a">(RERO)1440762-41slsp</subfield></datafield><datafield ind1=" " ind2=" " tag="035"><subfield code="a">(EXLNZ-41SLSP_NETWORK)991157483009705501</subfield></datafield><datafield ind1=" " ind2=" " tag="040"><subfield code="a">RERO geufpe</subfield><subfield code="d">CH-ZuSLS</subfield></datafield><datafield ind1=" " ind2="7" tag="072"><subfield code="a">ps</subfield><subfield code="2">rero</subfield></datafield><datafield ind1="1" ind2=" " tag="100"><subfield code="a">Wang, Tsu-Lien</subfield><subfield code="d">18..-19..</subfield><subfield code="0">(IDREF)230666248</subfield><subfield code="4">cre</subfield></datafield><datafield ind1="1" ind2="0" tag="245"><subfield code="a">&lt;&lt;The&gt;&gt; influence of tuition in the acquisition of skill</subfield><subfield code="c">by Tsu Lien Wang</subfield></datafield><datafield ind1=" " ind2="1" tag="264"><subfield code="a">Princeton N.J.</subfield><subfield code="b">Psychological Review</subfield><subfield code="c">1925</subfield></datafield><datafield ind1=" " ind2=" " tag="300"><subfield code="a">51 p.</subfield><subfield code="b">ill.</subfield><subfield code="c">25 cm</subfield></datafield><datafield ind1=" " ind2=" " tag="336"><subfield code="b">txt</subfield><subfield code="2">rdacontent</subfield></datafield><datafield ind1=" " ind2=" " tag="337"><subfield code="b">n</subfield><subfield code="2">rdamedia</subfield></datafield><datafield ind1=" " ind2=" " tag="338"><subfield code="b">nc</subfield><subfield code="2">rdacarrier</subfield></datafield><datafield ind1="1" ind2=" " tag="490"><subfield code="a">Studies from the Psychological Laboratory of the University of Chicago</subfield></datafield><datafield ind1="1" ind2=" " tag="490"><subfield code="a">Psychological monographs</subfield><subfield code="v">no. 154, 1925</subfield></datafield><datafield ind1="1" ind2=" " tag="490"><subfield code="a">Psychological review publications</subfield></datafield><datafield ind1=" " ind2=" " tag="830"><subfield code="a">Psychological monographs</subfield><subfield code="v">154,1925</subfield><subfield code="w">(RERO)0848773-41slsp</subfield></datafield><datafield ind1=" " ind2=" " tag="830"><subfield code="a">Studies from the Psychological Laboratory of the University of Chicago</subfield><subfield code="w">(RERO)1430942-41slsp</subfield></datafield><datafield ind1=" " ind2=" " tag="830"><subfield code="a">Psychological review publications</subfield><subfield code="w">(RERO)1427822-41slsp</subfield></datafield><datafield ind1=" " ind2=" " tag="900"><subfield code="a">REROnoselfmerge</subfield></datafield></record>
</metadata></record>