<record><header><identifier>oai:alma.41SLSP_UGE:991000046559705502</identifier><datestamp>2024-01-20T01:20:40Z</datestamp><setSpec>uge_bcen_RapidILL_BOOK</setSpec><setSpec>uge_aaca_RapidILL_BOOK</setSpec><setSpec>uge_abels_RapidILL_BOOK</setSpec><setSpec>uge_dbu_RapidILL_BOOK</setSpec><setSpec>uge_cmu_RapidILL_BOOK</setSpec><setSpec>uge_mail_RapidILL_BOOK</setSpec><setSpec>uge_abbat_RapidILL_BOOK</setSpec><setSpec>UNIGE_ALL</setSpec><setSpec>uge_aobs_RapidILL_BOOK</setSpec><setSpec>uge_acar_RapidILL_BOOK</setSpec></header><metadata>
<record xmlns="http://www.loc.gov/MARC21/slim" xmlns:xsi="http://www.w3.org/2001/XMLSchema-instance" xsi:schemaLocation="http://www.loc.gov/MARC21/slim http://www.loc.gov/standards/marcxml/schema/MARC21slim.xsd"><leader>02389nam a22004212c 4500</leader><controlfield tag="001">991000046559705502</controlfield><controlfield tag="005">20201230215018.0</controlfield><controlfield tag="008">201011s1970    xxu||||| |||| 00| ||eng d</controlfield><datafield ind1=" " ind2=" " tag="020"><subfield code="a">0124779077</subfield></datafield><datafield ind1=" " ind2=" " tag="035"><subfield code="a">(swissbib)225349582-41slsp_network</subfield></datafield><datafield ind1=" " ind2=" " tag="035"><subfield code="a">225349582</subfield><subfield code="9">ExL</subfield></datafield><datafield ind1=" " ind2=" " tag="035"><subfield code="a">(RERO)R003256219-41slsp</subfield></datafield><datafield ind1=" " ind2=" " tag="035"><subfield code="a">(NEBIS)000532715EBI01</subfield></datafield><datafield ind1=" " ind2=" " tag="035"><subfield code="a">(EXLNZ-41SLSP_NETWORK)991050421719705501</subfield></datafield><datafield ind1=" " ind2=" " tag="040"><subfield code="a">RERO geussp</subfield><subfield code="d">CH-ZuSLS</subfield></datafield><datafield ind1=" " ind2="7" tag="072"><subfield code="a">py</subfield><subfield code="2">rero</subfield></datafield><datafield ind1="0" ind2="0" tag="245"><subfield code="a">Physical acoustics</subfield><subfield code="p">Principles and methods</subfield><subfield code="n">Vol. 7</subfield><subfield code="c">ed. by Warren P[erry] Mason and R.N. Thurston ; [with] contrib. R.W. Damon, K. Dransfeld, M. Garbuny... [et al.]</subfield></datafield><datafield ind1=" " ind2="1" tag="264"><subfield code="a">New York [etc.]</subfield><subfield code="b">Academic Press</subfield><subfield code="c">1970</subfield></datafield><datafield ind1=" " ind2=" " tag="300"><subfield code="a">XX, 380 p.</subfield><subfield code="b">ill.</subfield><subfield code="c">24 cm</subfield></datafield><datafield ind1=" " ind2=" " tag="336"><subfield code="b">txt</subfield><subfield code="2">rdacontent</subfield></datafield><datafield ind1=" " ind2=" " tag="337"><subfield code="b">n</subfield><subfield code="2">rdamedia</subfield></datafield><datafield ind1=" " ind2=" " tag="338"><subfield code="b">nc</subfield><subfield code="2">rdacarrier</subfield></datafield><datafield ind1="1" ind2=" " tag="490"><subfield code="a">Physical acoustics</subfield><subfield code="v">vol. 7</subfield></datafield><datafield ind1=" " ind2=" " tag="504"><subfield code="a">Bibliogr</subfield></datafield><datafield ind1="0" ind2=" " tag="505"><subfield code="a">Ultrasonic attenuation in superconductors : magnetic field effects / M. Gottlieb, M. Garbuny, and C.K. Jones ; Ultrasonic investigation of phase transitions and critical points / Carl W. Garland ; Ultrasonic attenuation in normal metals and superconductors : Fermi-surface effects / J.A. Rayne and C.K. Jones ; Excitation, detection, and attenuation of high-frequency elastic surface waves / K. Dransfeld and E. Salzmann ; Interaction of light with ultrasound : phenomena and applications / R.W. Damon, W.T. Maloney, and D.H. McMahon</subfield></datafield><datafield ind1=" " ind2="7" tag="650"><subfield code="a">KRITISCHE PHÄNOMENE (THERMODYNAMIK)</subfield><subfield code="9">ger</subfield><subfield code="0">(ETHUDK)000015047</subfield><subfield code="2">ethudk</subfield></datafield><datafield ind1=" " ind2="7" tag="650"><subfield code="a">PHASENUMWANDLUNG DURCH WÄRMEZUFUHR ODER WÄRMEABFUHR (WÄRMELEHRE)</subfield><subfield code="9">ger</subfield><subfield code="0">(ETHUDK)000014962</subfield><subfield code="2">ethudk</subfield></datafield><datafield ind1=" " ind2="7" tag="650"><subfield code="a">STREUUNG DURCH BEUGUNG, TYNDALL-EFFEKT (OPTIK)</subfield><subfield code="9">ger</subfield><subfield code="0">(ETHUDK)000014894</subfield><subfield code="2">ethudk</subfield></datafield><datafield ind1=" " ind2="7" tag="650"><subfield code="a">SUPRALEITFÄHIGKEIT (PHYSIK DER KONDENSIERTEN MATERIE)</subfield><subfield code="9">ger</subfield><subfield code="0">(ETHUDK)000015285</subfield><subfield code="2">ethudk</subfield></datafield><datafield ind1=" " ind2="7" tag="650"><subfield code="a">ULTRASCHALL (AKUSTIK)</subfield><subfield code="9">ger</subfield><subfield code="0">(ETHUDK)000014698</subfield><subfield code="2">ethudk</subfield></datafield><datafield ind1="1" ind2=" " tag="700"><subfield code="a">Mason, Warren P.</subfield><subfield code="d">1900-</subfield><subfield code="0">(DE-588)1067905200</subfield><subfield code="e">Herausgeber</subfield><subfield code="4">edt</subfield></datafield><datafield ind1="1" ind2=" " tag="700"><subfield code="a">Mason, Warren Perry</subfield><subfield code="d">1900-1986</subfield><subfield code="0">(IDREF)068881185</subfield></datafield><datafield ind1="1" ind2=" " tag="700"><subfield code="a">Damon, R.W</subfield><subfield code="c">physicien</subfield><subfield code="0">(RERO)A012331004</subfield></datafield><datafield ind1="1" ind2=" " tag="700"><subfield code="a">Dransfeld, Klaus</subfield><subfield code="0">(RERO)A003190200</subfield></datafield><datafield ind1="1" ind2=" " tag="700"><subfield code="a">Garbuny, Max</subfield><subfield code="d">1912-....</subfield><subfield code="0">(IDREF)069371210</subfield></datafield><datafield ind1="1" ind2=" " tag="700"><subfield code="a">Thurston, R.N.</subfield><subfield code="e">Herausgeber</subfield><subfield code="4">edt</subfield><subfield code="6">880-06</subfield></datafield><datafield ind1="1" ind2=" " tag="880"><subfield code="6">700-06</subfield><subfield code="a">Thurston, Robert N.</subfield><subfield code="0">(IDREF)069424063</subfield></datafield><datafield ind1=" " ind2=" " tag="830"><subfield code="a">Physical Acoustics</subfield><subfield code="v">7</subfield><subfield code="w">(RERO)0569265-41slsp</subfield></datafield><datafield ind1=" " ind2=" " tag="900"><subfield code="a">REROnoselfmerge</subfield></datafield></record>
</metadata></record>