<record><header><identifier>oai:alma.41SLSP_UGE:991000046249705502</identifier><datestamp>2023-03-01T01:08:47Z</datestamp><setSpec>uge_bcen_RapidILL_BOOK</setSpec><setSpec>uge_aaca_RapidILL_BOOK</setSpec><setSpec>uge_abels_RapidILL_BOOK</setSpec><setSpec>uge_dbu_RapidILL_BOOK</setSpec><setSpec>uge_cmu_RapidILL_BOOK</setSpec><setSpec>uge_mail_RapidILL_BOOK</setSpec><setSpec>UNIGE_ALL</setSpec><setSpec>uge_abbat_RapidILL_BOOK</setSpec><setSpec>uge_acar_RapidILL_BOOK</setSpec><setSpec>uge_aobs_RapidILL_BOOK</setSpec></header><metadata>
<record xmlns="http://www.loc.gov/MARC21/slim" xmlns:xsi="http://www.w3.org/2001/XMLSchema-instance" xsi:schemaLocation="http://www.loc.gov/MARC21/slim http://www.loc.gov/standards/marcxml/schema/MARC21slim.xsd"><leader>01884nam a2200505 c 4500</leader><controlfield tag="001">991000046249705502</controlfield><controlfield tag="005">20230203195903.0</controlfield><controlfield tag="008">201011t19861986fr ||||| |||| 00| ||fre d</controlfield><datafield ind1=" " ind2=" " tag="020"><subfield code="a">2200312245</subfield></datafield><datafield ind1="7" ind2=" " tag="024"><subfield code="a">http://catalogue.bnf.fr/ark:/12148/cb34878952d</subfield><subfield code="2">uri</subfield></datafield><datafield ind1=" " ind2=" " tag="035"><subfield code="a">(swissbib)216470021-41slsp_network</subfield></datafield><datafield ind1=" " ind2=" " tag="035"><subfield code="a">216470021</subfield><subfield code="9">ExL</subfield></datafield><datafield ind1=" " ind2=" " tag="035"><subfield code="a">(RERO)0802081-41slsp</subfield></datafield><datafield ind1=" " ind2=" " tag="035"><subfield code="a">(NEBIS)003062844EBI01</subfield></datafield><datafield ind1=" " ind2=" " tag="035"><subfield code="a">(IDSBB)001149192DSV01</subfield></datafield><datafield ind1=" " ind2=" " tag="035"><subfield code="a">(SBT)000459457SBT01</subfield></datafield><datafield ind1=" " ind2=" " tag="035"><subfield code="a">(EXLNZ-41SLSP_NETWORK)991142677469705501</subfield></datafield><datafield ind1=" " ind2=" " tag="040"><subfield code="a">RERO neuses</subfield><subfield code="d">CH-ZuSLS</subfield></datafield><datafield ind1=" " ind2="7" tag="072"><subfield code="a">ps</subfield><subfield code="2">rero</subfield></datafield><datafield ind1=" " ind2="7" tag="072"><subfield code="a">ss</subfield><subfield code="2">rero</subfield></datafield><datafield ind1=" " ind2="7" tag="072"><subfield code="a">fs</subfield><subfield code="2">SzZuIDS BS/BE</subfield></datafield><datafield ind1="0" ind2="4" tag="082"><subfield code="a">401.43</subfield><subfield code="b">G344h</subfield></datafield><datafield ind1="1" ind2="4" tag="082"><subfield code="a">440</subfield><subfield code="2">15</subfield></datafield><datafield ind1="1" ind2="4" tag="082"><subfield code="a">158.2</subfield></datafield><datafield ind1="1" ind2=" " tag="100"><subfield code="a">Ghiglione, Rodolphe</subfield><subfield code="0">(RERO)A003293319</subfield><subfield code="4">cre</subfield></datafield><datafield ind1="1" ind2="0" tag="245"><subfield code="a">&lt;&lt;L'&gt;&gt;homme communiquant</subfield><subfield code="c">Rodolphe Ghiglione</subfield></datafield><datafield ind1=" " ind2="1" tag="264"><subfield code="a">Paris</subfield><subfield code="b">A. Colin</subfield><subfield code="c">1986</subfield></datafield><datafield ind1=" " ind2="4" tag="264"><subfield code="c">© 1986</subfield></datafield><datafield ind1=" " ind2=" " tag="300"><subfield code="a">271 p.</subfield><subfield code="b">ill.</subfield><subfield code="c">23 cm</subfield></datafield><datafield ind1=" " ind2=" " tag="336"><subfield code="b">txt</subfield><subfield code="2">rdacontent</subfield></datafield><datafield ind1=" " ind2=" " tag="337"><subfield code="b">n</subfield><subfield code="2">rdamedia</subfield></datafield><datafield ind1=" " ind2=" " tag="338"><subfield code="b">nc</subfield><subfield code="2">rdacarrier</subfield></datafield><datafield ind1="0" ind2=" " tag="490"><subfield code="a">Collection U</subfield></datafield><datafield ind1="1" ind2=" " tag="490"><subfield code="a">Collection U. Série Psychologie</subfield></datafield><datafield ind1=" " ind2=" " tag="520"><subfield code="a">L'homme considéré dans cet ouvrage: celui des sociétés occidentales de ce temps de la communication</subfield><subfield code="5">SBT/ISPFP/MEDEA 18.02.1999</subfield></datafield><datafield ind1=" " ind2=" " tag="520"><subfield code="a">Mais qui est cet inter-locuteur? Comment co-construit-il avec d'autres inter-locuteurs les mondes possibles de ses réalités quotidiennes? Dans quels buts le fait-il? Avec quels enjeux? Avec quels moyens?</subfield><subfield code="5">SBT/ISPFP/MEDEA 18.02.1999</subfield></datafield><datafield ind1=" " ind2="7" tag="650"><subfield code="a">Communication</subfield><subfield code="0">(IDREF)027321657</subfield><subfield code="2">idref</subfield></datafield><datafield ind1=" " ind2="7" tag="650"><subfield code="a">Psychologie sociale</subfield><subfield code="0">(IDREF)027241661</subfield><subfield code="2">idref</subfield></datafield><datafield ind1=" " ind2="7" tag="650"><subfield code="a">Linguistique</subfield><subfield code="0">(IDREF)027236005</subfield><subfield code="2">idref</subfield></datafield><datafield ind1=" " ind2="7" tag="650"><subfield code="a">communication</subfield><subfield code="2">rero3</subfield></datafield><datafield ind1=" " ind2="0" tag="650"><subfield code="a">Communication</subfield></datafield><datafield ind1=" " ind2="0" tag="650"><subfield code="a">Language and culture</subfield></datafield><datafield ind1=" " ind2="0" tag="650"><subfield code="a">Semantics</subfield></datafield><datafield ind1=" " ind2=" " tag="830"><subfield code="a">U</subfield><subfield code="p">A. Colin</subfield><subfield code="p">Psychologie</subfield><subfield code="w">(RERO)0643798-41slsp</subfield></datafield><datafield ind1=" " ind2=" " tag="900"><subfield code="a">REROnoselfmerge</subfield></datafield><datafield ind1=" " ind2=" " tag="900"><subfield code="a">IDSZRMedeaZBZ</subfield><subfield code="b">IDSZRSWK</subfield></datafield></record>
</metadata></record>