<record><header><identifier>oai:alma.41SLSP_UGE:991000046969705502</identifier><datestamp>2023-06-28T00:18:15Z</datestamp><setSpec>uge_bcen_RapidILL_BOOK</setSpec><setSpec>uge_aaca_RapidILL_BOOK</setSpec><setSpec>uge_abels_RapidILL_BOOK</setSpec><setSpec>uge_dbu_RapidILL_BOOK</setSpec><setSpec>uge_cmu_RapidILL_BOOK</setSpec><setSpec>uge_mail_RapidILL_BOOK</setSpec><setSpec>uge_abbat_RapidILL_BOOK</setSpec><setSpec>UNIGE_ALL</setSpec><setSpec>uge_acar_RapidILL_BOOK</setSpec><setSpec>uge_aobs_RapidILL_BOOK</setSpec></header><metadata>
<record xmlns="http://www.loc.gov/MARC21/slim" xmlns:xsi="http://www.w3.org/2001/XMLSchema-instance" xsi:schemaLocation="http://www.loc.gov/MARC21/slim http://www.loc.gov/standards/marcxml/schema/MARC21slim.xsd"><leader>01906nam a2200469 c 4500</leader><controlfield tag="001">991000046969705502</controlfield><controlfield tag="005">20230516165034.0</controlfield><controlfield tag="008">191217t20202020xxu||||| |||| 00| ||eng d</controlfield><datafield ind1=" " ind2=" " tag="020"><subfield code="a">9780520289697</subfield><subfield code="q">paperback</subfield></datafield><datafield ind1=" " ind2=" " tag="020"><subfield code="a">9780520289680</subfield><subfield code="q">hbk.</subfield></datafield><datafield ind1=" " ind2=" " tag="035"><subfield code="a">(swissbib)126180113-41slsp_network</subfield></datafield><datafield ind1=" " ind2=" " tag="035"><subfield code="a">126180113</subfield><subfield code="9">ExL</subfield></datafield><datafield ind1=" " ind2=" " tag="035"><subfield code="a">(RERO)R008997437-41slsp</subfield></datafield><datafield ind1=" " ind2=" " tag="035"><subfield code="a">(EXLNZ-41SLSP_NETWORK)991084796769705501</subfield></datafield><datafield ind1=" " ind2=" " tag="040"><subfield code="a">RERO geulhg</subfield><subfield code="b">eng</subfield><subfield code="d">CH-ZuSLS</subfield><subfield code="e">rda</subfield></datafield><datafield ind1="7" ind2="4" tag="082"><subfield code="a">950</subfield><subfield code="2">23sdnb</subfield></datafield><datafield ind1="1" ind2=" " tag="100"><subfield code="a">Khazeni, Arash</subfield><subfield code="0">(IDREF)147111676</subfield><subfield code="4">aut</subfield></datafield><datafield ind1="1" ind2="0" tag="245"><subfield code="a">&lt;&lt;The&gt;&gt; city and the wilderness</subfield><subfield code="b">Indo-Persian encounters in Southeast Asia</subfield><subfield code="c">Arash Khazeni</subfield></datafield><datafield ind1=" " ind2="1" tag="264"><subfield code="a">Oakland, California</subfield><subfield code="b">University of California Press</subfield><subfield code="c">[2020]</subfield></datafield><datafield ind1=" " ind2="4" tag="264"><subfield code="c">© 2020</subfield></datafield><datafield ind1=" " ind2=" " tag="300"><subfield code="a">xv, 244 pages</subfield><subfield code="b">maps, figures</subfield></datafield><datafield ind1=" " ind2=" " tag="336"><subfield code="b">txt</subfield><subfield code="2">rdacontent</subfield></datafield><datafield ind1=" " ind2=" " tag="337"><subfield code="b">n</subfield><subfield code="2">rdamedia</subfield></datafield><datafield ind1=" " ind2=" " tag="338"><subfield code="b">nc</subfield><subfield code="2">rdacarrier</subfield></datafield><datafield ind1="1" ind2=" " tag="490"><subfield code="a">The California world history library</subfield><subfield code="v">29</subfield></datafield><datafield ind1=" " ind2=" " tag="504"><subfield code="a">Bibliography: pages 217-235</subfield></datafield><datafield ind1=" " ind2=" " tag="504"><subfield code="a">Index</subfield></datafield><datafield ind1=" " ind2="7" tag="651"><subfield code="a">Myanmar</subfield><subfield code="2">gnd</subfield><subfield code="0">(DE-588)1193111315</subfield></datafield><datafield ind1=" " ind2="7" tag="651"><subfield code="a">Indien</subfield><subfield code="2">gnd</subfield><subfield code="0">(DE-588)4026722-2</subfield></datafield><datafield ind1=" " ind2="7" tag="650"><subfield code="a">Kulturkontakt</subfield><subfield code="2">gnd</subfield><subfield code="0">(DE-588)4033569-0</subfield></datafield><datafield ind1=" " ind2="7" tag="648"><subfield code="a">Geschichte 1700-1800</subfield><subfield code="2">gnd</subfield></datafield><datafield ind1="2" ind2="7" tag="610"><subfield code="a">East India Company</subfield><subfield code="g">1599-1858</subfield><subfield code="0">(IDREF)027501884</subfield><subfield code="2">idref</subfield></datafield><datafield ind1=" " ind2="7" tag="650"><subfield code="a">18e siècle (2e moitié)-19e siècle (début)</subfield><subfield code="0">(RERO)A022981629</subfield><subfield code="2">rero</subfield></datafield><datafield ind1=" " ind2="7" tag="651"><subfield code="a">Empire moghol</subfield><subfield code="0">(IDREF)027337707</subfield><subfield code="2">idref</subfield></datafield><datafield ind1=" " ind2="7" tag="651"><subfield code="a">Birmanie</subfield><subfield code="0">(IDREF)027250369</subfield><subfield code="2">idref</subfield></datafield><datafield ind1=" " ind2="7" tag="651"><subfield code="a">Bengale, Golfe du</subfield><subfield code="0">(IDREF)133681874</subfield><subfield code="2">idref</subfield></datafield><datafield ind1=" " ind2="0" tag="830"><subfield code="a">&lt;&lt;The&gt;&gt; California world history library</subfield><subfield code="v">29</subfield><subfield code="w">(RERO)R003366679-41slsp</subfield></datafield><datafield ind1=" " ind2="0" tag="830"><subfield code="a">&lt;&lt;The&gt;&gt; California world history library</subfield><subfield code="v">29</subfield><subfield code="w">(IDSBB)002890936DSV01</subfield></datafield><datafield ind1="4" ind2="2" tag="856"><subfield code="3">Table of contents</subfield><subfield code="q">PDF</subfield><subfield code="u">https://urn.ub.unibe.ch/urn:ch:slsp:9780520289680:ihv:pdf</subfield></datafield><datafield ind1=" " ind2=" " tag="900"><subfield code="a">REROnoselfmerge</subfield></datafield><datafield ind1=" " ind2=" " tag="900"><subfield code="a">Stoppsignal FRED</subfield><subfield code="x">UBE/B410/202108</subfield></datafield><datafield ind1=" " ind2=" " tag="903"><subfield code="a">RERO-SIGN</subfield><subfield code="5">UNIGE/20210203/yvc</subfield></datafield><datafield ind1=" " ind2=" " tag="949"><subfield code="a">https://urn.ub.unibe.ch/urn:ch:slsp:9780520289680:ihv:pdf</subfield></datafield></record>
</metadata></record>