<record><header><identifier>oai:alma.41SLSP_UGE:991000046659705502</identifier><datestamp>2023-03-28T00:13:04Z</datestamp><setSpec>uge_bcen_RapidILL_BOOK</setSpec><setSpec>uge_aaca_RapidILL_BOOK</setSpec><setSpec>uge_abels_RapidILL_BOOK</setSpec><setSpec>uge_dbu_RapidILL_BOOK</setSpec><setSpec>uge_cmu_RapidILL_BOOK</setSpec><setSpec>uge_mail_RapidILL_BOOK</setSpec><setSpec>uge_abbat_RapidILL_BOOK</setSpec><setSpec>UNIGE_ALL</setSpec><setSpec>uge_acar_RapidILL_BOOK</setSpec><setSpec>uge_aobs_RapidILL_BOOK</setSpec></header><metadata>
<record xmlns="http://www.loc.gov/MARC21/slim" xmlns:xsi="http://www.w3.org/2001/XMLSchema-instance" xsi:schemaLocation="http://www.loc.gov/MARC21/slim http://www.loc.gov/standards/marcxml/schema/MARC21slim.xsd"><leader>01868nam a22004452c 4500</leader><controlfield tag="001">991000046659705502</controlfield><controlfield tag="005">20230327181443.0</controlfield><controlfield tag="008">201011s2013    xxu||||| |||| 10| ||eng d</controlfield><datafield ind1=" " ind2=" " tag="020"><subfield code="a">1571462694</subfield></datafield><datafield ind1=" " ind2=" " tag="020"><subfield code="a">9781571462695</subfield></datafield><datafield ind1="7" ind2=" " tag="024"><subfield code="a">http://catalogue.bnf.fr/ark:/12148/cb43600185d</subfield><subfield code="2">uri</subfield></datafield><datafield ind1=" " ind2=" " tag="035"><subfield code="a">(swissbib)214060691-41slsp_network</subfield></datafield><datafield ind1=" " ind2=" " tag="035"><subfield code="a">214060691</subfield><subfield code="9">ExL</subfield></datafield><datafield ind1=" " ind2=" " tag="035"><subfield code="a">(RERO)R007331992-41slsp</subfield></datafield><datafield ind1=" " ind2=" " tag="035"><subfield code="a">(NEBIS)009786525EBI01</subfield></datafield><datafield ind1=" " ind2=" " tag="035"><subfield code="a">(EXLNZ-41SLSP_NETWORK)991070920489705501</subfield></datafield><datafield ind1=" " ind2=" " tag="040"><subfield code="a">SzZUIDS</subfield><subfield code="d">CH-ZuSLS</subfield></datafield><datafield ind1=" " ind2="7" tag="072"><subfield code="a">ma</subfield><subfield code="2">rero</subfield></datafield><datafield ind1=" " ind2=" " tag="084"><subfield code="a">00.40</subfield><subfield code="2">msc</subfield></datafield><datafield ind1=" " ind2=" " tag="084"><subfield code="a">14</subfield><subfield code="2">msc</subfield></datafield><datafield ind1="0" ind2="0" tag="245"><subfield code="a">Geometry and topology</subfield><subfield code="b">Lectures given at the Geometry and Topology conferences at Harvard University in 2011 and at Lehigh University in 2012</subfield><subfield code="c">edited by Huai-Dong Cao ... [et al.]</subfield></datafield><datafield ind1=" " ind2="1" tag="264"><subfield code="a">Somerville, Mass.</subfield><subfield code="b">International Press</subfield><subfield code="c">2013</subfield></datafield><datafield ind1=" " ind2=" " tag="300"><subfield code="a">308 S.</subfield><subfield code="b">Ill.</subfield></datafield><datafield ind1=" " ind2=" " tag="336"><subfield code="b">txt</subfield><subfield code="2">rdacontent</subfield></datafield><datafield ind1=" " ind2=" " tag="337"><subfield code="b">n</subfield><subfield code="2">rdamedia</subfield></datafield><datafield ind1=" " ind2=" " tag="338"><subfield code="b">nc</subfield><subfield code="2">rdacarrier</subfield></datafield><datafield ind1="1" ind2=" " tag="490"><subfield code="a">Surveys in differential geometry</subfield><subfield code="v">18</subfield></datafield><datafield ind1=" " ind2="7" tag="650"><subfield code="a">Géométrie différentielle</subfield><subfield code="0">(IDREF)027569918</subfield><subfield code="2">idref</subfield></datafield><datafield ind1=" " ind2="7" tag="650"><subfield code="a">Géométrie</subfield><subfield code="0">(IDREF)027227545</subfield><subfield code="2">idref</subfield></datafield><datafield ind1=" " ind2="7" tag="650"><subfield code="a">Topologie</subfield><subfield code="0">(IDREF)027394247</subfield><subfield code="2">idref</subfield></datafield><datafield ind1=" " ind2="7" tag="650"><subfield code="a">DIFFERENTIAL GEOMETRY</subfield><subfield code="9">eng</subfield><subfield code="0">(ETHUDK)000012920</subfield><subfield code="2">ethudk</subfield></datafield><datafield ind1=" " ind2="7" tag="650"><subfield code="a">GEOMETRY</subfield><subfield code="9">eng</subfield><subfield code="0">(ETHUDK)000012865</subfield><subfield code="2">ethudk</subfield></datafield><datafield ind1=" " ind2="7" tag="650"><subfield code="a">TOPOLOGY (MATHEMATICS)</subfield><subfield code="9">eng</subfield><subfield code="0">(ETHUDK)000013004</subfield><subfield code="2">ethudk</subfield></datafield><datafield ind1=" " ind2="7" tag="655"><subfield code="a">Konferenzschrift</subfield><subfield code="z">Bethlehem (PA)</subfield><subfield code="y">2012</subfield><subfield code="2">gnd-content</subfield></datafield><datafield ind1=" " ind2="7" tag="655"><subfield code="a">Konferenzschrift</subfield><subfield code="z">Harvard (MA)</subfield><subfield code="y">2011</subfield><subfield code="2">gnd-content</subfield></datafield><datafield ind1="1" ind2=" " tag="700"><subfield code="a">Cao, Huai-Dong</subfield><subfield code="d">1959-....</subfield><subfield code="0">(IDREF)126857121</subfield></datafield><datafield ind1="2" ind2=" " tag="711"><subfield code="a">International Symposium on Geometry and Topology</subfield><subfield code="d">2011</subfield><subfield code="c">: Cambridge</subfield><subfield code="0">(RERO)A023446656</subfield></datafield><datafield ind1=" " ind2="0" tag="830"><subfield code="a">Surveys in differential geometry</subfield><subfield code="v">18</subfield><subfield code="w">(RERO)R005205586-41slsp</subfield></datafield><datafield ind1=" " ind2="0" tag="830"><subfield code="a">Surveys in differential geometry</subfield><subfield code="v">18</subfield><subfield code="w">(NEBIS)000617616EBI01</subfield></datafield><datafield ind1=" " ind2=" " tag="900"><subfield code="a">REROnoselfmerge</subfield></datafield><datafield ind1=" " ind2=" " tag="910"><subfield code="a">OCoLC</subfield><subfield code="b">20130626</subfield><subfield code="c">Droits réservés</subfield></datafield></record>
</metadata></record>