<record><header><identifier>oai:alma.41SLSP_UGE:991000046989705502</identifier><datestamp>2023-07-01T00:24:33Z</datestamp><setSpec>uge_bcen_RapidILL_BOOK</setSpec><setSpec>uge_aaca_RapidILL_BOOK</setSpec><setSpec>uge_abels_RapidILL_BOOK</setSpec><setSpec>uge_dbu_RapidILL_BOOK</setSpec><setSpec>uge_cmu_RapidILL_BOOK</setSpec><setSpec>uge_mail_RapidILL_BOOK</setSpec><setSpec>uge_abbat_RapidILL_BOOK</setSpec><setSpec>UNIGE_ALL</setSpec><setSpec>uge_acar_RapidILL_BOOK</setSpec><setSpec>uge_aobs_RapidILL_BOOK</setSpec></header><metadata>
<record xmlns="http://www.loc.gov/MARC21/slim" xmlns:xsi="http://www.w3.org/2001/XMLSchema-instance" xsi:schemaLocation="http://www.loc.gov/MARC21/slim http://www.loc.gov/standards/marcxml/schema/MARC21slim.xsd"><leader>02064naa a2200361 c 4500</leader><controlfield tag="001">991000046989705502</controlfield><controlfield tag="005">20230630212803.0</controlfield><controlfield tag="008">201011s1992    sz ||||| |||| 00| ||ita d</controlfield><datafield ind1=" " ind2=" " tag="035"><subfield code="a">(swissbib)217112749-41slsp_network</subfield></datafield><datafield ind1=" " ind2=" " tag="035"><subfield code="a">217112749</subfield><subfield code="9">ExL</subfield></datafield><datafield ind1=" " ind2=" " tag="035"><subfield code="a">(RERO)1714293-41slsp</subfield></datafield><datafield ind1=" " ind2=" " tag="035"><subfield code="a">(IDSBB)000816344DSV01</subfield></datafield><datafield ind1=" " ind2=" " tag="035"><subfield code="a">(EXLNZ-41SLSP_NETWORK)991118144439705501</subfield></datafield><datafield ind1=" " ind2=" " tag="040"><subfield code="a">RERO geubfd</subfield><subfield code="d">CH-ZuSLS</subfield></datafield><datafield ind1=" " ind2="7" tag="072"><subfield code="a">dr</subfield><subfield code="2">rero</subfield></datafield><datafield ind1=" " ind2=" " tag="084"><subfield code="a">CA/CH 98.1 i</subfield><subfield code="2">cjurrom</subfield></datafield><datafield ind1="1" ind2=" " tag="100"><subfield code="a">Dell'Ambrogio, Mauro</subfield><subfield code="0">(RERO)A003166821</subfield><subfield code="4">cre</subfield></datafield><datafield ind1="1" ind2="0" tag="245"><subfield code="a">&lt;&lt;L'&gt;&gt;indagine mascherata dal punto di vista della polizia</subfield><subfield code="c">Mauro Dell'Ambrogio</subfield></datafield><datafield ind1=" " ind2=" " tag="336"><subfield code="b">txt</subfield><subfield code="2">rdacontent</subfield></datafield><datafield ind1=" " ind2=" " tag="337"><subfield code="b">n</subfield><subfield code="2">rdamedia</subfield></datafield><datafield ind1=" " ind2=" " tag="338"><subfield code="b">nc</subfield><subfield code="2">rdacarrier</subfield></datafield><datafield ind1=" " ind2=" " tag="580"><subfield code="a">In: Problemi attuali della lotta contro la criminalità : Festschrift zum 50jährigen Bestehen der Schweizerischen Kriminalistischen Gesellschaft. - Bern : Stämpfli, 1992. - S. 196-206</subfield></datafield><datafield ind1=" " ind2="7" tag="650"><subfield code="a">Strafrecht</subfield><subfield code="9">ger</subfield><subfield code="0">(RERO)jurivoc000021776ger</subfield><subfield code="2">jurivoc</subfield></datafield><datafield ind1=" " ind2="7" tag="650"><subfield code="a">Straftaten gegen die öffentliche Gesundheit</subfield><subfield code="9">ger</subfield><subfield code="0">(RERO)jurivoc000021813ger</subfield><subfield code="2">jurivoc</subfield></datafield><datafield ind1=" " ind2="7" tag="650"><subfield code="a">Betäubungsmittel</subfield><subfield code="9">ger</subfield><subfield code="0">(RERO)jurivoc000003682ger</subfield><subfield code="2">jurivoc</subfield></datafield><datafield ind1=" " ind2="7" tag="650"><subfield code="a">Straftaten gegen den Staat und die Landesverteidigung</subfield><subfield code="9">ger</subfield><subfield code="0">(RERO)jurivoc000021805ger</subfield><subfield code="2">jurivoc</subfield></datafield><datafield ind1=" " ind2="7" tag="650"><subfield code="a">politisches Delikt</subfield><subfield code="9">ger</subfield><subfield code="0">(RERO)jurivoc000017386ger</subfield><subfield code="2">jurivoc</subfield></datafield><datafield ind1=" " ind2="7" tag="650"><subfield code="a">verdeckte Ermittlung</subfield><subfield code="9">ger</subfield><subfield code="0">(RERO)jurivoc000050472ger</subfield><subfield code="2">jurivoc</subfield></datafield><datafield ind1=" " ind2="7" tag="650"><subfield code="a">Crime organisé</subfield><subfield code="0">(IDREF)028728068</subfield><subfield code="2">idref</subfield></datafield><datafield ind1=" " ind2="7" tag="650"><subfield code="a">Police</subfield><subfield code="0">(IDREF)027245144</subfield><subfield code="2">idref</subfield></datafield><datafield ind1=" " ind2="7" tag="650"><subfield code="a">Enquêtes</subfield><subfield code="0">(IDREF)027495671</subfield><subfield code="2">idref</subfield></datafield><datafield ind1=" " ind2="7" tag="651"><subfield code="a">Suisse</subfield><subfield code="0">(IDREF)027249654</subfield><subfield code="2">idref</subfield></datafield><datafield ind1="0" ind2=" " tag="773"><subfield code="t">Schweizerische Zeitschrift für Strafrecht</subfield><subfield code="d">Bern : Stämpfli</subfield><subfield code="g">Jg. 110(1992), S. 196-206</subfield><subfield code="q">110/1992/196-206</subfield><subfield code="g">yr:1992</subfield><subfield code="g">no:110</subfield><subfield code="w">(IDSBB)000018773DSV01</subfield></datafield><datafield ind1="0" ind2=" " tag="773"><subfield code="t">Aktuelle Probleme der Kriminalitätsbekämpfung = Problèmes actuels de la lutte contre la criminalité = Problemi attuali della lotta contro la criminalità : Festschrift zum 50jährigen Bestehen der Schweizerischen Kriminalistischen Gesellschaft ...</subfield><subfield code="d">Bern : Stämpfli, 1992</subfield><subfield code="g">S. 196-206</subfield><subfield code="q">196-206</subfield><subfield code="w">(IDSBB)000812117DSV01</subfield></datafield></record>
</metadata></record>