<record><header><identifier>oai:alma.41SLSP_UGE:991000046779705502</identifier><datestamp>2023-03-01T01:08:47Z</datestamp><setSpec>uge_bcen_RapidILL_BOOK</setSpec><setSpec>uge_aaca_RapidILL_BOOK</setSpec><setSpec>uge_abels_RapidILL_BOOK</setSpec><setSpec>uge_dbu_RapidILL_BOOK</setSpec><setSpec>uge_cmu_RapidILL_BOOK</setSpec><setSpec>uge_mail_RapidILL_BOOK</setSpec><setSpec>UNIGE_ALL</setSpec><setSpec>uge_abbat_RapidILL_BOOK</setSpec><setSpec>uge_aobs_RapidILL_BOOK</setSpec><setSpec>uge_acar_RapidILL_BOOK</setSpec></header><metadata>
<record xmlns="http://www.loc.gov/MARC21/slim" xmlns:xsi="http://www.w3.org/2001/XMLSchema-instance" xsi:schemaLocation="http://www.loc.gov/MARC21/slim http://www.loc.gov/standards/marcxml/schema/MARC21slim.xsd"><leader>01433nam a2200433 c 4500</leader><controlfield tag="001">991000046779705502</controlfield><controlfield tag="005">20230130193541.0</controlfield><controlfield tag="008">201011s1966    sp ||||| |||| 00| ||spa d</controlfield><datafield ind1=" " ind2=" " tag="010"><subfield code="a">68052773</subfield></datafield><datafield ind1=" " ind2=" " tag="035"><subfield code="a">(swissbib)211469068-41slsp_network</subfield></datafield><datafield ind1=" " ind2=" " tag="035"><subfield code="a">211469068</subfield><subfield code="9">ExL</subfield></datafield><datafield ind1=" " ind2=" " tag="035"><subfield code="a">(RERO)R251121360-41slsp</subfield></datafield><datafield ind1=" " ind2=" " tag="035"><subfield code="a">(IDSBB)000756681DSV01</subfield></datafield><datafield ind1=" " ind2=" " tag="035"><subfield code="a">(IDSSG)000527952HSB01</subfield></datafield><datafield ind1=" " ind2=" " tag="035"><subfield code="a">(OCoLC) ocm00279773-</subfield></datafield><datafield ind1=" " ind2=" " tag="035"><subfield code="a">(EXLNZ-41SLSP_NETWORK)991016602629705501</subfield></datafield><datafield ind1=" " ind2=" " tag="040"><subfield code="a">RERO frbcuc</subfield><subfield code="d">CH-ZuSLS</subfield></datafield><datafield ind1=" " ind2=" " tag="050"><subfield code="a">PQ6627.T35</subfield><subfield code="b">Z6</subfield></datafield><datafield ind1=" " ind2="7" tag="072"><subfield code="a">es</subfield><subfield code="2">rero</subfield></datafield><datafield ind1=" " ind2="7" tag="072"><subfield code="a">es</subfield><subfield code="2">SzZuIDS BS/BE</subfield></datafield><datafield ind1="0" ind2="4" tag="082"><subfield code="a">861/.6/4</subfield></datafield><datafield ind1=" " ind2=" " tag="084"><subfield code="a">IP 6945</subfield><subfield code="2">rvk</subfield></datafield><datafield ind1="1" ind2=" " tag="100"><subfield code="6">880-01</subfield><subfield code="a">Alarcos Llorach, Emilio</subfield><subfield code="d">1922-1998</subfield><subfield code="0">(IDREF)08834651X</subfield><subfield code="4">cre</subfield></datafield><datafield ind1="1" ind2=" " tag="880"><subfield code="a">Alarcos Llorach, Emilio</subfield><subfield code="d">1922-1998</subfield><subfield code="0">(DE-588)122397398</subfield><subfield code="6">100-01</subfield></datafield><datafield ind1="1" ind2="0" tag="245"><subfield code="a">&lt;&lt;La&gt;&gt; poesía de Blas de Otero</subfield><subfield code="c">E. Alarcos Llorach</subfield></datafield><datafield ind1=" " ind2="1" tag="264"><subfield code="a">Salamanca [etc.]</subfield><subfield code="b">Anaya</subfield><subfield code="c">1966</subfield></datafield><datafield ind1=" " ind2=" " tag="300"><subfield code="a">154 p.</subfield><subfield code="c">19 cm</subfield></datafield><datafield ind1=" " ind2=" " tag="336"><subfield code="b">txt</subfield><subfield code="2">rdacontent</subfield></datafield><datafield ind1=" " ind2=" " tag="337"><subfield code="b">n</subfield><subfield code="2">rdamedia</subfield></datafield><datafield ind1=" " ind2=" " tag="338"><subfield code="b">nc</subfield><subfield code="2">rdacarrier</subfield></datafield><datafield ind1="1" ind2=" " tag="490"><subfield code="a">Temas y estudios</subfield></datafield><datafield ind1=" " ind2=" " tag="500"><subfield code="a">Also issued online.</subfield></datafield><datafield ind1="1" ind2="7" tag="600"><subfield code="a">Otero, Blas de</subfield><subfield code="d">1916-1979</subfield><subfield code="0">(IDREF)028568613</subfield><subfield code="2">idref</subfield></datafield><datafield ind1="1" ind2="7" tag="600"><subfield code="a">Otero, Blas &lt;&lt;de&gt;&gt;</subfield><subfield code="d">1916-1979</subfield><subfield code="0">(DE-588)118787330</subfield><subfield code="2">gnd</subfield></datafield><datafield ind1="1" ind2="4" tag="600"><subfield code="a">Otero, Blas de</subfield><subfield code="d">1916-</subfield></datafield><datafield ind1="1" ind2="4" tag="600"><subfield code="a">Otero, Blas de</subfield></datafield><datafield ind1=" " ind2="7" tag="650"><subfield code="a">Poésie</subfield><subfield code="0">(IDREF)027247465</subfield><subfield code="2">idref</subfield></datafield><datafield ind1=" " ind2="7" tag="650"><subfield code="a">Lyrik</subfield><subfield code="0">(DE-588)4036774-5</subfield><subfield code="2">gnd</subfield></datafield><datafield ind1=" " ind2=" " tag="830"><subfield code="a">Temas y Estudios</subfield><subfield code="w">(RERO)0028285-41slsp</subfield></datafield><datafield ind1=" " ind2=" " tag="900"><subfield code="a">REROnoselfmerge</subfield></datafield><datafield ind1=" " ind2=" " tag="993"><subfield code="a">BFLA 238425</subfield><subfield code="x">ge/ules/a/FLs 1307</subfield><subfield code="9">LOCAL</subfield></datafield></record>
</metadata></record>