<record><header><identifier>oai:alma.41SLSP_UGE:991000046459705502</identifier><datestamp>2024-03-22T01:23:23Z</datestamp><setSpec>uge_bcen_RapidILL_BOOK</setSpec><setSpec>uge_aaca_RapidILL_BOOK</setSpec><setSpec>uge_abels_RapidILL_BOOK</setSpec><setSpec>uge_dbu_RapidILL_BOOK</setSpec><setSpec>uge_cmu_RapidILL_BOOK</setSpec><setSpec>uge_mail_RapidILL_BOOK</setSpec><setSpec>uge_abbat_RapidILL_BOOK</setSpec><setSpec>UNIGE_ALL</setSpec><setSpec>uge_acar_RapidILL_BOOK</setSpec><setSpec>uge_aobs_RapidILL_BOOK</setSpec></header><metadata>
<record xmlns="http://www.loc.gov/MARC21/slim" xmlns:xsi="http://www.w3.org/2001/XMLSchema-instance" xsi:schemaLocation="http://www.loc.gov/MARC21/slim http://www.loc.gov/standards/marcxml/schema/MARC21slim.xsd"><leader>01453nam a22003017c 4500</leader><controlfield tag="001">991000046459705502</controlfield><controlfield tag="005">20240322001537.0</controlfield><controlfield tag="008">000914s1664    fr ||||| |||| 00| ||fre d</controlfield><datafield ind1=" " ind2=" " tag="035"><subfield code="a">(swissbib)094760063-41slsp_network</subfield></datafield><datafield ind1=" " ind2=" " tag="035"><subfield code="a">094760063</subfield><subfield code="9">ExL</subfield></datafield><datafield ind1=" " ind2=" " tag="035"><subfield code="a">(RERO)R255567760-41slsp</subfield></datafield><datafield ind1=" " ind2=" " tag="035"><subfield code="a">(EXLNZ-41SLSP_NETWORK)991031039749705501</subfield></datafield><datafield ind1=" " ind2=" " tag="040"><subfield code="a">RERO gevbpu</subfield><subfield code="d">CH-ZuSLS</subfield></datafield><datafield ind1=" " ind2="7" tag="072"><subfield code="a">th</subfield><subfield code="2">rero</subfield></datafield><datafield ind1="1" ind2=" " tag="100"><subfield code="a">Mauduict, François</subfield><subfield code="d">16..-....</subfield><subfield code="0">(IDREF)264102827</subfield><subfield code="4">aut</subfield></datafield><datafield ind1="1" ind2="0" tag="245"><subfield code="a">Advis charitable à messieurs de Geneve touchant la vie du sieur Jean Labadie cy-devant jesuite dans la province de Guyenne</subfield><subfield code="b">et après chanoine à Amiens, puis janseniste à Paris : de plus illuminé et adamite à Tholose, et en suitte carme et hermite à la Graville au dioceze de Bazas, et à present ministre audit Geneve</subfield></datafield><datafield ind1=" " ind2="1" tag="264"><subfield code="a">A Lyon</subfield><subfield code="b">chez Antoine Offray au Change</subfield><subfield code="c">1664</subfield></datafield><datafield ind1=" " ind2=" " tag="300"><subfield code="a">30 p.</subfield><subfield code="c">8⁰ (17 cm)</subfield></datafield><datafield ind1=" " ind2=" " tag="336"><subfield code="b">txt</subfield><subfield code="2">rdacontent</subfield></datafield><datafield ind1=" " ind2=" " tag="337"><subfield code="b">n</subfield><subfield code="2">rdamedia</subfield></datafield><datafield ind1=" " ind2=" " tag="338"><subfield code="b">nc</subfield><subfield code="2">rdacarrier</subfield></datafield><datafield ind1=" " ind2=" " tag="500"><subfield code="a">Signé: François Mauduict</subfield></datafield><datafield ind1=" " ind2=" " tag="500"><subfield code="a">Daté: de Lyon, ce 1. Juillet 1662</subfield></datafield><datafield ind1=" " ind2=" " tag="500"><subfield code="a">Sig. A-B⁸ [B₈ blanc]</subfield></datafield><datafield ind1="3" ind2=" " tag="510"><subfield code="a">Senebier, t. 2, p. 217 ; Cioranescu (17e s.) 37206 et 46563 ; Goldsmith p. 363 (daté de 1662) ; Desgraves 5653 et 5771 ; manque à Shaw</subfield></datafield><datafield ind1="1" ind2="7" tag="600"><subfield code="a">Labadie, Jean de</subfield><subfield code="d">1610-1674</subfield><subfield code="0">(IDREF)02899776X</subfield><subfield code="2">idref</subfield></datafield><datafield ind1="1" ind2=" " tag="700"><subfield code="a">Offray, Antoine</subfield><subfield code="d">fl. 1656-1690</subfield><subfield code="0">(RERO)A005901794</subfield><subfield code="4">prt</subfield></datafield><datafield ind1=" " ind2=" " tag="751"><subfield code="a">Lyon (Rhône)</subfield><subfield code="4">pup</subfield><subfield code="0">(IDREF)027262782</subfield></datafield><datafield ind1=" " ind2=" " tag="900"><subfield code="a">REROswissbibnomerge</subfield></datafield><datafield ind1=" " ind2=" " tag="993"><subfield code="a">MHR Vl 30</subfield><subfield code="x">ge/mhr-/2621</subfield><subfield code="9">local</subfield></datafield></record>
</metadata></record>