<record><header><identifier>oai:alma.41SLSP_UGE:991000046569705502</identifier><datestamp>2023-03-01T01:08:47Z</datestamp><setSpec>uge_bcen_RapidILL_BOOK</setSpec><setSpec>uge_aaca_RapidILL_BOOK</setSpec><setSpec>uge_abels_RapidILL_BOOK</setSpec><setSpec>uge_dbu_RapidILL_BOOK</setSpec><setSpec>uge_cmu_RapidILL_BOOK</setSpec><setSpec>uge_mail_RapidILL_BOOK</setSpec><setSpec>UNIGE_ALL</setSpec><setSpec>uge_abbat_RapidILL_BOOK</setSpec><setSpec>uge_aobs_RapidILL_BOOK</setSpec><setSpec>uge_acar_RapidILL_BOOK</setSpec></header><metadata>
<record xmlns="http://www.loc.gov/MARC21/slim" xmlns:xsi="http://www.w3.org/2001/XMLSchema-instance" xsi:schemaLocation="http://www.loc.gov/MARC21/slim http://www.loc.gov/standards/marcxml/schema/MARC21slim.xsd"><leader>01241nam a22003612c 4500</leader><controlfield tag="001">991000046569705502</controlfield><controlfield tag="005">20210207114834.0</controlfield><controlfield tag="008">201011m19121913fr ||||| |||| 00| ||fre d</controlfield><datafield ind1=" " ind2=" " tag="035"><subfield code="a">(swissbib)227210441-41slsp_network</subfield></datafield><datafield ind1=" " ind2=" " tag="035"><subfield code="a">227210441</subfield><subfield code="9">ExL</subfield></datafield><datafield ind1=" " ind2=" " tag="035"><subfield code="a">(RERO)R256767860-41slsp</subfield></datafield><datafield ind1=" " ind2=" " tag="035"><subfield code="a">(NEBIS)003608339EBI01</subfield></datafield><datafield ind1=" " ind2=" " tag="035"><subfield code="a">(OCoLC)422132911</subfield></datafield><datafield ind1=" " ind2=" " tag="035"><subfield code="a">(EXLNZ-41SLSP_NETWORK)991144613999705501</subfield></datafield><datafield ind1=" " ind2=" " tag="040"><subfield code="a">RERO gevbaa</subfield><subfield code="d">CH-ZuSLS</subfield></datafield><datafield ind1=" " ind2="7" tag="072"><subfield code="a">ba</subfield><subfield code="2">rero</subfield></datafield><datafield ind1="1" ind2=" " tag="100"><subfield code="a">Bertholon, Lucien</subfield><subfield code="d">1854-1914</subfield><subfield code="0">(IDREF)185404642</subfield><subfield code="4">cre</subfield></datafield><datafield ind1="1" ind2="0" tag="245"><subfield code="a">Recherches anthropologiques dans la Berbérie orientale, Tripolitaine, Tunisie, Algérie</subfield><subfield code="c">L. Bertholon, E. Chantre</subfield></datafield><datafield ind1=" " ind2="1" tag="264"><subfield code="a">Lyon</subfield><subfield code="b">A. Rey</subfield><subfield code="c">1912-1913</subfield></datafield><datafield ind1=" " ind2=" " tag="300"><subfield code="a">2 vol.</subfield><subfield code="b">ill. en noir et en coul.</subfield><subfield code="c">36 cm</subfield></datafield><datafield ind1=" " ind2=" " tag="336"><subfield code="b">txt</subfield><subfield code="2">rdacontent</subfield></datafield><datafield ind1=" " ind2=" " tag="337"><subfield code="b">n</subfield><subfield code="2">rdamedia</subfield></datafield><datafield ind1=" " ind2=" " tag="338"><subfield code="b">nc</subfield><subfield code="2">rdacarrier</subfield></datafield><datafield ind1="0" ind2="0" tag="505"><subfield code="g">V. 1</subfield><subfield code="t">Anthropomètrie, craniométrie, ethnographie</subfield></datafield><datafield ind1="0" ind2="0" tag="505"><subfield code="g">V. 2</subfield><subfield code="t">Album de 174 portraits ethniques</subfield></datafield><datafield ind1=" " ind2="4" tag="651"><subfield code="a">Algérie</subfield></datafield><datafield ind1=" " ind2="4" tag="651"><subfield code="a">Tripolitaine (Libye)</subfield></datafield><datafield ind1=" " ind2="4" tag="651"><subfield code="a">Tunisie</subfield></datafield><datafield ind1="1" ind2=" " tag="700"><subfield code="a">Bertholon, Lucien</subfield></datafield><datafield ind1="1" ind2=" " tag="700"><subfield code="a">Chantre, Ernest</subfield><subfield code="d">1843-1924</subfield><subfield code="0">(IDREF)030599539</subfield></datafield><datafield ind1=" " ind2=" " tag="900"><subfield code="a">REROnoselfmerge</subfield></datafield><datafield ind1=" " ind2=" " tag="900"><subfield code="a">IDSZRMedeaZBZ</subfield><subfield code="c">IDSZRkalh</subfield></datafield><datafield ind1=" " ind2=" " tag="900"><subfield code="a">IDSZRMedeaZBZ</subfield><subfield code="b">IDSZRSWK</subfield></datafield><datafield ind1=" " ind2=" " tag="911"><subfield code="a">700</subfield><subfield code="a">Chantre, Ernest</subfield><subfield code="d">1843-1924</subfield></datafield></record>
</metadata></record>