<record><header><identifier>oai:alma.41SLSP_UGE:991000046689705502</identifier><datestamp>2024-01-14T09:03:12Z</datestamp><setSpec>uge_bcen_RapidILL_BOOK</setSpec><setSpec>uge_aaca_RapidILL_BOOK</setSpec><setSpec>uge_abels_RapidILL_BOOK</setSpec><setSpec>uge_dbu_RapidILL_BOOK</setSpec><setSpec>uge_cmu_RapidILL_BOOK</setSpec><setSpec>uge_mail_RapidILL_BOOK</setSpec><setSpec>uge_abbat_RapidILL_BOOK</setSpec><setSpec>UNIGE_ALL</setSpec><setSpec>uge_acar_RapidILL_BOOK</setSpec><setSpec>uge_aobs_RapidILL_BOOK</setSpec></header><metadata>
<record xmlns="http://www.loc.gov/MARC21/slim" xmlns:xsi="http://www.w3.org/2001/XMLSchema-instance" xsi:schemaLocation="http://www.loc.gov/MARC21/slim http://www.loc.gov/standards/marcxml/schema/MARC21slim.xsd"><leader>03441nam a22007692c 4500</leader><controlfield tag="001">991000046689705502</controlfield><controlfield tag="005">20230619202639.0</controlfield><controlfield tag="008">201012s2012    sp ||||| |||| 10| ||spa d</controlfield><datafield ind1=" " ind2=" " tag="020"><subfield code="a">8415274831</subfield></datafield><datafield ind1=" " ind2=" " tag="020"><subfield code="a">9788415274834</subfield></datafield><datafield ind1=" " ind2=" " tag="035"><subfield code="a">(swissbib)242251080-41slsp_network</subfield></datafield><datafield ind1=" " ind2=" " tag="035"><subfield code="a">242251080</subfield><subfield code="9">ExL</subfield></datafield><datafield ind1=" " ind2=" " tag="035"><subfield code="a">(RERO)R007200277-41slsp</subfield></datafield><datafield ind1=" " ind2=" " tag="035"><subfield code="a">(NEBIS)007316533EBI01</subfield></datafield><datafield ind1=" " ind2=" " tag="035"><subfield code="a">(IDSBB)006137627DSV01</subfield></datafield><datafield ind1=" " ind2=" " tag="035"><subfield code="a">(OCoLC)794362996</subfield></datafield><datafield ind1=" " ind2=" " tag="035"><subfield code="a">(EXLNZ-41SLSP_NETWORK)991139509429705501</subfield></datafield><datafield ind1=" " ind2=" " tag="040"><subfield code="a">DLC</subfield><subfield code="d">CH-ZuSLS</subfield></datafield><datafield ind1=" " ind2="0" tag="050"><subfield code="a">Z412</subfield><subfield code="b">.E317 2012</subfield></datafield><datafield ind1=" " ind2="7" tag="072"><subfield code="a">es</subfield><subfield code="2">rero</subfield></datafield><datafield ind1=" " ind2="7" tag="072"><subfield code="a">es</subfield><subfield code="2">SzZuIDS BS/BE</subfield></datafield><datafield ind1="0" ind2="4" tag="082"><subfield code="a">070</subfield><subfield code="2">21</subfield></datafield><datafield ind1="0" ind2="4" tag="082"><subfield code="a">070.509 46</subfield></datafield><datafield ind1="0" ind2="4" tag="082"><subfield code="a">860.900 3</subfield></datafield><datafield ind1="0" ind2="0" tag="245"><subfield code="a">Edición y literatura en España</subfield><subfield code="b">(siglos XVI y XVII)</subfield><subfield code="c">Anne Cayuela (ed.) ; postfacio de Roger Chartier</subfield></datafield><datafield ind1=" " ind2=" " tag="250"><subfield code="a">1a ed.</subfield></datafield><datafield ind1=" " ind2="1" tag="264"><subfield code="a">Zaragoza</subfield><subfield code="b">Prensas Universitarias de Zaragoza</subfield><subfield code="c">2012</subfield></datafield><datafield ind1=" " ind2=" " tag="300"><subfield code="a">398 p.</subfield><subfield code="b">ill.</subfield><subfield code="c">22 cm.</subfield></datafield><datafield ind1=" " ind2=" " tag="336"><subfield code="b">txt</subfield><subfield code="2">rdacontent</subfield></datafield><datafield ind1=" " ind2=" " tag="337"><subfield code="b">n</subfield><subfield code="2">rdamedia</subfield></datafield><datafield ind1=" " ind2=" " tag="338"><subfield code="b">nc</subfield><subfield code="2">rdacarrier</subfield></datafield><datafield ind1="1" ind2=" " tag="490"><subfield code="a">Humanidades</subfield><subfield code="v">95</subfield></datafield><datafield ind1=" " ind2=" " tag="500"><subfield code="a">Proceedings, Grenoble, 2010</subfield></datafield><datafield ind1=" " ind2=" " tag="504"><subfield code="a">Includes bibliographical references.</subfield></datafield><datafield ind1=" " ind2="7" tag="648"><subfield code="a">Geschichte 1600-1700</subfield><subfield code="2">gnd</subfield></datafield><datafield ind1=" " ind2="7" tag="648"><subfield code="a">Geschichte 1600-1700</subfield><subfield code="2">idszbz</subfield></datafield><datafield ind1=" " ind2="0" tag="650"><subfield code="a">Booksellers and bookselling</subfield><subfield code="z">Spain</subfield><subfield code="x">History</subfield><subfield code="y">16th century</subfield></datafield><datafield ind1=" " ind2="0" tag="650"><subfield code="a">Booksellers and bookselling</subfield><subfield code="z">Spain</subfield><subfield code="x">History</subfield><subfield code="y">17 century</subfield></datafield><datafield ind1=" " ind2="0" tag="650"><subfield code="a">Publishers and publishing</subfield><subfield code="z">Spain</subfield><subfield code="z">Madrid</subfield><subfield code="x">History</subfield><subfield code="y">16th century</subfield></datafield><datafield ind1=" " ind2="0" tag="650"><subfield code="a">Publishers and publishing</subfield><subfield code="z">Spain</subfield><subfield code="z">Madrid</subfield><subfield code="x">History</subfield><subfield code="y">17 century</subfield></datafield><datafield ind1=" " ind2="7" tag="650"><subfield code="a">Édition</subfield><subfield code="0">(IDREF)027387348</subfield><subfield code="2">idref</subfield></datafield><datafield ind1=" " ind2="7" tag="650"><subfield code="a">Édition critique</subfield><subfield code="0">(IDREF)027439062</subfield><subfield code="2">idref</subfield></datafield><datafield ind1=" " ind2="7" tag="650"><subfield code="a">Éditeurs</subfield><subfield code="0">(IDREF)029115426</subfield><subfield code="2">idref</subfield></datafield><datafield ind1=" " ind2="7" tag="650"><subfield code="a">Littérature espagnole</subfield><subfield code="0">(IDREF)027236897</subfield><subfield code="2">idref</subfield></datafield><datafield ind1=" " ind2="7" tag="650"><subfield code="a">16e siècle-17e siècle</subfield><subfield code="2">idref</subfield></datafield><datafield ind1=" " ind2="0" tag="650"><subfield code="a">Booksellers and bookselling</subfield><subfield code="x">History</subfield><subfield code="x">17 century</subfield><subfield code="x">Spain</subfield></datafield><datafield ind1=" " ind2="0" tag="650"><subfield code="a">Booksellers and bookselling</subfield><subfield code="x">History</subfield><subfield code="y">16th century</subfield><subfield code="x">Spain</subfield></datafield><datafield ind1=" " ind2="0" tag="650"><subfield code="a">Booksellers and bookselling</subfield><subfield code="z">Spain</subfield><subfield code="x">History</subfield><subfield code="y">16th century</subfield><subfield code="v">Congresses</subfield></datafield><datafield ind1=" " ind2="0" tag="650"><subfield code="a">Booksellers and bookselling</subfield><subfield code="z">Spain</subfield><subfield code="x">History</subfield><subfield code="y">17th century</subfield><subfield code="v">Congresses</subfield></datafield><datafield ind1=" " ind2="0" tag="650"><subfield code="a">Publishers and publishing</subfield><subfield code="z">Spain</subfield><subfield code="z">Madrid</subfield><subfield code="x">History</subfield><subfield code="x">17 century</subfield></datafield><datafield ind1=" " ind2="0" tag="650"><subfield code="a">Publishers and publishing</subfield><subfield code="z">Spain</subfield><subfield code="z">Madrid</subfield><subfield code="x">History</subfield><subfield code="y">16th century</subfield><subfield code="v">Congresses</subfield></datafield><datafield ind1=" " ind2="0" tag="650"><subfield code="a">Publishers and publishing</subfield><subfield code="z">Spain</subfield><subfield code="z">Madrid</subfield><subfield code="x">History</subfield><subfield code="y">17th century</subfield><subfield code="v">Congresses</subfield></datafield><datafield ind1=" " ind2="0" tag="650"><subfield code="a">Spanish literature</subfield><subfield code="y">Classical period, 1500-1700</subfield><subfield code="x">History and criticism</subfield><subfield code="v">Congresses</subfield></datafield><datafield ind1=" " ind2="7" tag="650"><subfield code="a">Literatur</subfield><subfield code="0">(DE-588)4035964-5</subfield><subfield code="2">gnd</subfield></datafield><datafield ind1=" " ind2="7" tag="650"><subfield code="a">Verlag</subfield><subfield code="0">(DE-588)4063004-3</subfield><subfield code="2">gnd</subfield></datafield><datafield ind1=" " ind2="7" tag="651"><subfield code="a">Espagne</subfield><subfield code="0">(IDREF)027224406</subfield><subfield code="2">idref</subfield></datafield><datafield ind1=" " ind2="7" tag="651"><subfield code="a">Spanien</subfield><subfield code="0">(DE-588)4055964-6</subfield><subfield code="2">gnd</subfield></datafield><datafield ind1=" " ind2="7" tag="655"><subfield code="a">Actes de congrès</subfield><subfield code="0">(IDREF)02886431X</subfield><subfield code="2">idref</subfield></datafield><datafield ind1=" " ind2="7" tag="655"><subfield code="a">Aufsatzsammlung</subfield><subfield code="2">gnd-content</subfield></datafield><datafield ind1="1" ind2=" " tag="700"><subfield code="a">Cayuela, Anne</subfield><subfield code="0">(DE-588)1130183343</subfield><subfield code="6">880-02</subfield></datafield><datafield ind1="1" ind2=" " tag="880"><subfield code="6">700-02</subfield><subfield code="a">Cayuela, Anne</subfield><subfield code="c">hispaniste</subfield><subfield code="d">19..-....</subfield><subfield code="0">(IDREF)034517553</subfield></datafield><datafield ind1="4" ind2="2" tag="856"><subfield code="u">http://www.loc.gov/catdir/enhancements/fy1301/2012463221-d.html</subfield></datafield><datafield ind1="4" ind2=" " tag="856"><subfield code="3">Titelblatt und Inhaltsverzeichnis</subfield><subfield code="u">https://toc.library.ethz.ch/objects/pdf/z01_978-84-15-274-83-4_01.pdf</subfield><subfield code="q">pdf</subfield></datafield><datafield ind1=" " ind2="0" tag="830"><subfield code="a">Humanidades</subfield><subfield code="v">95</subfield><subfield code="w">(NEBIS)000993663EBI01</subfield></datafield><datafield ind1=" " ind2="0" tag="830"><subfield code="a">Humanidades</subfield><subfield code="p">Univ. de Zaragoza</subfield><subfield code="v">95</subfield><subfield code="w">(RERO)1064491-41slsp</subfield></datafield><datafield ind1=" " ind2=" " tag="900"><subfield code="a">IDSZ2zbzmon201210f</subfield><subfield code="c">IDSZ2proc</subfield><subfield code="d">IDSZ2zbzswk201210b</subfield><subfield code="e">IDSZ2bucp</subfield></datafield><datafield ind1=" " ind2=" " tag="949"><subfield code="a">https://toc.library.ethz.ch/objects/pdf/z01_978-84-15-274-83-4_01.pdf</subfield></datafield><datafield ind1=" " ind2=" " tag="949"><subfield code="a">http://www.loc.gov/catdir/enhancements/fy1301/2012463221-d.html</subfield></datafield><datafield ind1=" " ind2=" " tag="993"><subfield code="a">BFLA 243431</subfield><subfield code="x">ge/ules/a/12/412</subfield><subfield code="9">LOCAL</subfield></datafield></record>
</metadata></record>