<record><header><identifier>oai:alma.41SLSP_UGE:991000046479705502</identifier><datestamp>2023-11-25T01:49:29Z</datestamp><setSpec>uge_bcen_RapidILL_BOOK</setSpec><setSpec>uge_aaca_RapidILL_BOOK</setSpec><setSpec>uge_abels_RapidILL_BOOK</setSpec><setSpec>uge_dbu_RapidILL_BOOK</setSpec><setSpec>uge_cmu_RapidILL_BOOK</setSpec><setSpec>uge_mail_RapidILL_BOOK</setSpec><setSpec>uge_abbat_RapidILL_BOOK</setSpec><setSpec>UNIGE_ALL</setSpec><setSpec>uge_aobs_RapidILL_BOOK</setSpec><setSpec>uge_acar_RapidILL_BOOK</setSpec></header><metadata>
<record xmlns="http://www.loc.gov/MARC21/slim" xmlns:xsi="http://www.w3.org/2001/XMLSchema-instance" xsi:schemaLocation="http://www.loc.gov/MARC21/slim http://www.loc.gov/standards/marcxml/schema/MARC21slim.xsd"><leader>03615nam a2200781 c 4500</leader><controlfield tag="001">991000046479705502</controlfield><controlfield tag="005">20230327182508.0</controlfield><controlfield tag="008">201012t19941994ne ||||| |||| 10| ||eng d</controlfield><datafield ind1=" " ind2=" " tag="020"><subfield code="a">0444814647</subfield></datafield><datafield ind1=" " ind2=" " tag="035"><subfield code="a">(swissbib)234333588-41slsp_network</subfield></datafield><datafield ind1=" " ind2=" " tag="035"><subfield code="a">234333588</subfield><subfield code="9">ExL</subfield></datafield><datafield ind1=" " ind2=" " tag="035"><subfield code="a">(RERO)R276513260-41slsp</subfield></datafield><datafield ind1=" " ind2=" " tag="035"><subfield code="a">(NEBIS)000947296EBI01</subfield></datafield><datafield ind1=" " ind2=" " tag="035"><subfield code="a">(ALEX)bv00604845</subfield></datafield><datafield ind1=" " ind2=" " tag="035"><subfield code="a">(EXLNZ-41SLSP_NETWORK)991113624889705501</subfield></datafield><datafield ind1=" " ind2=" " tag="040"><subfield code="a">RERO geuses</subfield><subfield code="d">CH-ZuSLS</subfield></datafield><datafield ind1=" " ind2="7" tag="072"><subfield code="a">ur</subfield><subfield code="2">rero</subfield></datafield><datafield ind1="0" ind2="0" tag="082"><subfield code="a">333.91/00956</subfield><subfield code="2">20</subfield></datafield><datafield ind1="0" ind2="4" tag="082"><subfield code="a">333.911/00956</subfield><subfield code="2">22</subfield></datafield><datafield ind1="1" ind2="4" tag="082"><subfield code="a">333.910 0956</subfield><subfield code="2">22</subfield></datafield><datafield ind1="1" ind2="4" tag="082"><subfield code="a">346.560 4691</subfield><subfield code="2">22</subfield></datafield><datafield ind1="0" ind2="0" tag="245"><subfield code="a">Water and peace in the Middle East</subfield><subfield code="b">proceedings of the first Israeli-Palestinian International Academic Conference on Water, Zürich, Switzerland, 10-13 December 1992</subfield><subfield code="c">ed. by J. Isaac, H. Shuval</subfield></datafield><datafield ind1=" " ind2="1" tag="264"><subfield code="a">Amsterdam [etc.]</subfield><subfield code="b">Elsevier</subfield><subfield code="c">[1994]</subfield></datafield><datafield ind1=" " ind2="4" tag="264"><subfield code="c">©1994</subfield></datafield><datafield ind1=" " ind2=" " tag="300"><subfield code="a">XVIII, 529 S.</subfield><subfield code="c">25 cm</subfield><subfield code="b">Ill., Karten</subfield></datafield><datafield ind1=" " ind2=" " tag="336"><subfield code="b">txt</subfield><subfield code="2">rdacontent</subfield></datafield><datafield ind1=" " ind2=" " tag="337"><subfield code="b">n</subfield><subfield code="2">rdamedia</subfield></datafield><datafield ind1=" " ind2=" " tag="338"><subfield code="b">nc</subfield><subfield code="2">rdacarrier</subfield></datafield><datafield ind1="1" ind2=" " tag="490"><subfield code="a">Studies in environmental science</subfield><subfield code="v">58</subfield></datafield><datafield ind1=" " ind2="7" tag="650"><subfield code="a">politique - concept</subfield><subfield code="0">(RERO)A010134045</subfield><subfield code="2">rerovoc</subfield></datafield><datafield ind1=" " ind2="7" tag="650"><subfield code="a">Ressources en eau</subfield><subfield code="0">(IDREF)027795888</subfield><subfield code="2">idref</subfield></datafield><datafield ind1=" " ind2="7" tag="650"><subfield code="a">Nahostkonflikt</subfield><subfield code="2">idszbz</subfield></datafield><datafield ind1=" " ind2="7" tag="650"><subfield code="a">Wasser</subfield><subfield code="2">idszbz</subfield></datafield><datafield ind1=" " ind2="7" tag="650"><subfield code="a">Wasserversorgung</subfield><subfield code="2">idszbz</subfield></datafield><datafield ind1=" " ind2="7" tag="650"><subfield code="a">Konfliktregelung</subfield><subfield code="0">(DE-588)4164958-8</subfield><subfield code="2">gnd</subfield></datafield><datafield ind1=" " ind2="7" tag="650"><subfield code="a">Kongress</subfield><subfield code="0">(DE-588)4130470-6</subfield><subfield code="2">gnd</subfield></datafield><datafield ind1=" " ind2="7" tag="650"><subfield code="a">Politischer Konflikt</subfield><subfield code="0">(DE-588)4115589-0</subfield><subfield code="2">gnd</subfield></datafield><datafield ind1=" " ind2="7" tag="650"><subfield code="a">Wasserrecht</subfield><subfield code="0">(DE-588)4064766-3</subfield><subfield code="2">gnd</subfield></datafield><datafield ind1=" " ind2="7" tag="650"><subfield code="a">Wasserreserve</subfield><subfield code="0">(DE-588)4124439-4</subfield><subfield code="2">gnd</subfield></datafield><datafield ind1=" " ind2="7" tag="650"><subfield code="a">Wasserwirtschaft</subfield><subfield code="0">(DE-588)4064821-7</subfield><subfield code="2">gnd</subfield></datafield><datafield ind1=" " ind2="0" tag="650"><subfield code="a">Water resources development</subfield><subfield code="z">Middle East</subfield></datafield><datafield ind1=" " ind2="0" tag="650"><subfield code="a">Water-supply</subfield><subfield code="x">Political aspects</subfield><subfield code="z">Middle East</subfield></datafield><datafield ind1=" " ind2="0" tag="650"><subfield code="a">Water-supply</subfield><subfield code="z">Middle East</subfield></datafield><datafield ind1=" " ind2="7" tag="650"><subfield code="a">ARABISCH-ISRAELISCHE KONFLIKTE (INTERNATIONALE POLITIK)</subfield><subfield code="9">ger</subfield><subfield code="0">(ETHUDK)000010221</subfield><subfield code="2">ethudk</subfield></datafield><datafield ind1=" " ind2="7" tag="650"><subfield code="a">GRENZÜBERSCHREITENDE ZUSAMMENARBEIT (POLITIK)</subfield><subfield code="9">ger</subfield><subfield code="0">(ETHUDK)000051999</subfield><subfield code="2">ethudk</subfield></datafield><datafield ind1=" " ind2="7" tag="650"><subfield code="a">GRUNDWASSER + FLÜSSE + KANÄLE + SEEN + WASSERLÄUFE (INTERNATIONALES RECHT)</subfield><subfield code="9">ger</subfield><subfield code="0">(ETHUDK)000011025</subfield><subfield code="2">ethudk</subfield></datafield><datafield ind1=" " ind2="7" tag="650"><subfield code="a">ISRAEL (WESTASIEN). STAAT ISRAEL</subfield><subfield code="9">ger</subfield><subfield code="0">(ETHUDK)000006717</subfield><subfield code="2">ethudk</subfield></datafield><datafield ind1=" " ind2="7" tag="650"><subfield code="a">NAHER OSTEN (WESTASIEN)</subfield><subfield code="9">ger</subfield><subfield code="0">(ETHUDK)000006633</subfield><subfield code="2">ethudk</subfield></datafield><datafield ind1=" " ind2="7" tag="650"><subfield code="a">PALÄSTINA, WEST BANK, PALÄSTINENSISCHES GEBIET (NAHER OSTEN)</subfield><subfield code="9">ger</subfield><subfield code="0">(ETHUDK)000006700</subfield><subfield code="2">ethudk</subfield></datafield><datafield ind1=" " ind2="7" tag="650"><subfield code="a">WASSERPOLITIK</subfield><subfield code="9">ger</subfield><subfield code="0">(ETHUDK)000048609</subfield><subfield code="2">ethudk</subfield></datafield><datafield ind1=" " ind2="7" tag="650"><subfield code="a">WASSERWIRTSCHAFTLICHE PLANUNG (HYDROLOGIE)</subfield><subfield code="9">ger</subfield><subfield code="0">(ETHUDK)000035345</subfield><subfield code="2">ethudk</subfield></datafield><datafield ind1=" " ind2="7" tag="651"><subfield code="a">Moyen-Orient</subfield><subfield code="0">(IDREF)027356108</subfield><subfield code="2">idref</subfield></datafield><datafield ind1=" " ind2="7" tag="651"><subfield code="a">Naher Osten</subfield><subfield code="2">idszbz</subfield></datafield><datafield ind1=" " ind2="7" tag="651"><subfield code="a">Naher Osten</subfield><subfield code="0">(DE-588)4068878-1</subfield><subfield code="2">gnd</subfield></datafield><datafield ind1=" " ind2="7" tag="655"><subfield code="a">Actes de congrès</subfield><subfield code="0">(IDREF)02886431X</subfield><subfield code="2">idref</subfield></datafield><datafield ind1=" " ind2="7" tag="655"><subfield code="a">Aufsatzsammlung</subfield><subfield code="2">idszbz</subfield></datafield><datafield ind1=" " ind2="7" tag="655"><subfield code="a">Konferenzschrift</subfield><subfield code="z">Zürich</subfield><subfield code="y">1992/12</subfield><subfield code="2">gnd-content</subfield></datafield><datafield ind1=" " ind2=" " tag="690"><subfield code="a">161ab</subfield><subfield code="d">Wasserversorgung, Trinkwasser</subfield><subfield code="2">uzb-UJ</subfield></datafield><datafield ind1=" " ind2=" " tag="690"><subfield code="a">161a</subfield><subfield code="d">Wasserwirtschaft</subfield><subfield code="2">uzb-UJ</subfield></datafield><datafield ind1=" " ind2=" " tag="690"><subfield code="a">384</subfield><subfield code="d">Naher Osten: Gesamtgebiet</subfield><subfield code="2">uzb-UJ</subfield></datafield><datafield ind1=" " ind2=" " tag="690"><subfield code="a">388</subfield><subfield code="d">Israel</subfield><subfield code="2">uzb-UJ</subfield></datafield><datafield ind1=" " ind2=" " tag="690"><subfield code="a">388a</subfield><subfield code="d">Palästina</subfield><subfield code="2">uzb-UJ</subfield></datafield><datafield ind1=" " ind2=" " tag="690"><subfield code="a">181</subfield><subfield code="d">Politik</subfield><subfield code="2">uzb-UJ</subfield></datafield><datafield ind1=" " ind2=" " tag="690"><subfield code="a">180ca</subfield><subfield code="d">Seerecht, Territorialgewässer</subfield><subfield code="2">uzb-UJ</subfield></datafield><datafield ind1="1" ind2=" " tag="700"><subfield code="a">Isaac, J.</subfield></datafield><datafield ind1="1" ind2=" " tag="700"><subfield code="a">Isaac, Jad</subfield><subfield code="d">1947-....</subfield><subfield code="0">(IDREF)103848843</subfield></datafield><datafield ind1="2" ind2=" " tag="711"><subfield code="a">Israeli-Palestinian International Academic Conference on Water</subfield><subfield code="n">1</subfield><subfield code="d">1992</subfield><subfield code="c">Zürich</subfield><subfield code="0">(RERO)A016603739</subfield><subfield code="6">880-03</subfield></datafield><datafield ind1="2" ind2=" " tag="880"><subfield code="a">Israeli Palestinian International Academic Conference on Water</subfield><subfield code="n">1</subfield><subfield code="d">1992</subfield><subfield code="c">Zürich</subfield><subfield code="0">(DE-588)5109875-1</subfield><subfield code="6">711-03</subfield></datafield><datafield ind1=" " ind2="0" tag="830"><subfield code="a">Studies in environmental science</subfield><subfield code="v">58</subfield><subfield code="w">(NEBIS)000995694EBI01</subfield></datafield><datafield ind1=" " ind2=" " tag="900"><subfield code="a">REROnoselfmerge</subfield></datafield></record>
</metadata></record>