<record><header><identifier>oai:alma.41SLSP_UGE:991000046589705502</identifier><datestamp>2024-09-13T00:24:27Z</datestamp><setSpec>uge_bcen_RapidILL_BOOK</setSpec><setSpec>uge_aaca_RapidILL_BOOK</setSpec><setSpec>uge_abels_RapidILL_BOOK</setSpec><setSpec>uge_dbu_RapidILL_BOOK</setSpec><setSpec>uge_cmu_RapidILL_BOOK</setSpec><setSpec>uge_mail_RapidILL_BOOK</setSpec><setSpec>uge_abbat_RapidILL_BOOK</setSpec><setSpec>UNIGE_ALL</setSpec><setSpec>uge_acar_RapidILL_BOOK</setSpec><setSpec>uge_aobs_RapidILL_BOOK</setSpec></header><metadata>
<record xmlns="http://www.loc.gov/MARC21/slim" xmlns:xsi="http://www.w3.org/2001/XMLSchema-instance" xsi:schemaLocation="http://www.loc.gov/MARC21/slim http://www.loc.gov/standards/marcxml/schema/MARC21slim.xsd"><leader>00897nam a2200301 c 4500</leader><controlfield tag="001">991000046589705502</controlfield><controlfield tag="005">20240912182531.0</controlfield><controlfield tag="008">201012s1976    gw ||||| |||| 00| ||ger d</controlfield><datafield ind1=" " ind2=" " tag="020"><subfield code="a">3768546764</subfield></datafield><datafield ind1=" " ind2=" " tag="035"><subfield code="a">(swissbib)239015193-41slsp_network</subfield></datafield><datafield ind1=" " ind2=" " tag="035"><subfield code="a">239015193</subfield><subfield code="9">ExL</subfield></datafield><datafield ind1=" " ind2=" " tag="035"><subfield code="a">(RERO)1038010-41slsp</subfield></datafield><datafield ind1=" " ind2=" " tag="035"><subfield code="a">(IDSBB)000195264DSV01</subfield></datafield><datafield ind1=" " ind2=" " tag="035"><subfield code="a">(EXLNZ-41SLSP_NETWORK)991023997709705501</subfield></datafield><datafield ind1=" " ind2=" " tag="040"><subfield code="a">RERO geudbu</subfield><subfield code="d">CH-ZuSLS</subfield></datafield><datafield ind1=" " ind2="7" tag="072"><subfield code="a">in</subfield><subfield code="2">rero</subfield></datafield><datafield ind1=" " ind2="7" tag="072"><subfield code="a">mt</subfield><subfield code="2">SzZuIDS BS/BE</subfield></datafield><datafield ind1="1" ind2="4" tag="082"><subfield code="a">510</subfield><subfield code="2">15</subfield></datafield><datafield ind1="1" ind2=" " tag="100"><subfield code="a">Bolle, Karl</subfield><subfield code="0">(RERO)A003020979</subfield><subfield code="4">cre</subfield></datafield><datafield ind1="1" ind2="0" tag="245"><subfield code="a">COBOL-Fibel</subfield><subfield code="b">ANS '74</subfield><subfield code="c">Karl Bolle</subfield></datafield><datafield ind1=" " ind2=" " tag="250"><subfield code="a">5., verbesserte Aufl.</subfield></datafield><datafield ind1=" " ind2="1" tag="264"><subfield code="a">Heidelberg</subfield><subfield code="a">Hamburg</subfield><subfield code="b">R.v. Decker</subfield><subfield code="c">[1976]</subfield></datafield><datafield ind1=" " ind2="4" tag="264"><subfield code="c">© 1976</subfield></datafield><datafield ind1=" " ind2=" " tag="300"><subfield code="a">265 p.</subfield><subfield code="b">ill.</subfield><subfield code="c">30 cm</subfield></datafield><datafield ind1=" " ind2=" " tag="336"><subfield code="b">txt</subfield><subfield code="2">rdacontent</subfield></datafield><datafield ind1=" " ind2=" " tag="337"><subfield code="b">n</subfield><subfield code="2">rdamedia</subfield></datafield><datafield ind1=" " ind2=" " tag="338"><subfield code="b">nc</subfield><subfield code="2">rdacarrier</subfield></datafield><datafield ind1=" " ind2="7" tag="650"><subfield code="a">COBOL (langage de programmation)</subfield><subfield code="0">(IDREF)027352757</subfield><subfield code="2">idref</subfield></datafield><datafield ind1=" " ind2=" " tag="900"><subfield code="a">REROnoselfmerge</subfield></datafield></record>
</metadata></record>