<record><header><identifier>oai:alma.41SLSP_UGE:991000046579705502</identifier><datestamp>2023-03-01T01:08:47Z</datestamp><setSpec>uge_bcen_RapidILL_BOOK</setSpec><setSpec>uge_aaca_RapidILL_BOOK</setSpec><setSpec>uge_abels_RapidILL_BOOK</setSpec><setSpec>uge_dbu_RapidILL_BOOK</setSpec><setSpec>uge_cmu_RapidILL_BOOK</setSpec><setSpec>uge_mail_RapidILL_BOOK</setSpec><setSpec>UNIGE_ALL</setSpec><setSpec>uge_abbat_RapidILL_BOOK</setSpec><setSpec>uge_aobs_RapidILL_BOOK</setSpec><setSpec>uge_acar_RapidILL_BOOK</setSpec></header><metadata>
<record xmlns="http://www.loc.gov/MARC21/slim" xmlns:xsi="http://www.w3.org/2001/XMLSchema-instance" xsi:schemaLocation="http://www.loc.gov/MARC21/slim http://www.loc.gov/standards/marcxml/schema/MARC21slim.xsd"><leader>03019nam a2200733 c 4500</leader><controlfield tag="001">991000046579705502</controlfield><controlfield tag="005">20211101204609.0</controlfield><controlfield tag="008">201011s1990    fr ||||| |||| 00| ||fre d</controlfield><datafield ind1=" " ind2=" " tag="020"><subfield code="a">2251003592</subfield></datafield><datafield ind1="7" ind2=" " tag="024"><subfield code="a">http://catalogue.bnf.fr/ark:/12148/cb35074323z</subfield><subfield code="2">uri</subfield></datafield><datafield ind1=" " ind2=" " tag="035"><subfield code="a">(swissbib)226869571-41slsp_network</subfield></datafield><datafield ind1=" " ind2=" " tag="035"><subfield code="a">226869571</subfield><subfield code="9">ExL</subfield></datafield><datafield ind1=" " ind2=" " tag="035"><subfield code="a">(RERO)1221600-41slsp</subfield></datafield><datafield ind1=" " ind2=" " tag="035"><subfield code="a">(NEBIS)001154700EBI01</subfield></datafield><datafield ind1=" " ind2=" " tag="035"><subfield code="a">(IDSBB)000643356DSV01</subfield></datafield><datafield ind1=" " ind2=" " tag="035"><subfield code="a">(EXLNZ-41SLSP_NETWORK)991114498349705501</subfield></datafield><datafield ind1=" " ind2=" " tag="040"><subfield code="a">RERO gevbpu</subfield><subfield code="d">CH-ZuSLS</subfield></datafield><datafield ind1="0" ind2=" " tag="041"><subfield code="a">fre</subfield><subfield code="a">grc</subfield></datafield><datafield ind1=" " ind2="7" tag="072"><subfield code="a">gr</subfield><subfield code="2">rero</subfield></datafield><datafield ind1="1" ind2=" " tag="080"><subfield code="a">1&quot;0076&quot;Plu7Mor</subfield></datafield><datafield ind1="1" ind2=" " tag="080"><subfield code="a">875PLUTA7Mor</subfield></datafield><datafield ind1="0" ind2="0" tag="082"><subfield code="a">888/.01</subfield><subfield code="2">19</subfield></datafield><datafield ind1="0" ind2="4" tag="082"><subfield code="a">888/.0107</subfield><subfield code="2">19</subfield></datafield><datafield ind1="0" ind2="4" tag="082"><subfield code="a">888</subfield></datafield><datafield ind1="0" ind2="4" tag="082"><subfield code="a">888.0108</subfield></datafield><datafield ind1="1" ind2="4" tag="082"><subfield code="a">186.3</subfield><subfield code="2">22</subfield></datafield><datafield ind1="1" ind2="4" tag="082"><subfield code="a">888.01</subfield><subfield code="2">22</subfield></datafield><datafield ind1="1" ind2="4" tag="082"><subfield code="a">170</subfield><subfield code="2">21</subfield></datafield><datafield ind1="1" ind2="4" tag="082"><subfield code="a">880.1</subfield><subfield code="2">9a</subfield></datafield><datafield ind1=" " ind2=" " tag="084"><subfield code="a">FH 60803</subfield><subfield code="2">rvk</subfield></datafield><datafield ind1="0" ind2=" " tag="100"><subfield code="a">Plutarchus</subfield><subfield code="d">45-120</subfield><subfield code="0">(DE-588)118595237</subfield><subfield code="6">880-01</subfield></datafield><datafield ind1="0" ind2=" " tag="880"><subfield code="6">100-01</subfield><subfield code="a">Plutarque</subfield><subfield code="d">0046?-0120?</subfield><subfield code="0">(IDREF)027076784</subfield><subfield code="4">cre</subfield></datafield><datafield ind1="1" ind2="0" tag="240"><subfield code="a">De Romanorum fortuna</subfield></datafield><datafield ind1="1" ind2="0" tag="245"><subfield code="a">&lt;&lt;La&gt;&gt; fortune des Romains</subfield><subfield code="b">La fortune ou la vertu d'Alexandre ; La gloire des Athéniens</subfield><subfield code="c">Plutarque ; texte établi et trad. par Françoise Frazier et Christian Froidefond</subfield></datafield><datafield ind1=" " ind2="1" tag="264"><subfield code="a">Paris</subfield><subfield code="b">Les Belles Lettres</subfield><subfield code="c">1990</subfield></datafield><datafield ind1=" " ind2=" " tag="300"><subfield code="a">281 p. dont p. 42-66, 114-156, 186-199 avec pag. double</subfield><subfield code="c">20 cm</subfield></datafield><datafield ind1=" " ind2=" " tag="336"><subfield code="b">txt</subfield><subfield code="2">rdacontent</subfield></datafield><datafield ind1=" " ind2=" " tag="337"><subfield code="b">n</subfield><subfield code="2">rdamedia</subfield></datafield><datafield ind1=" " ind2=" " tag="338"><subfield code="b">nc</subfield><subfield code="2">rdacarrier</subfield></datafield><datafield ind1="1" ind2=" " tag="490"><subfield code="a">Collection des universités de France</subfield></datafield><datafield ind1="1" ind2=" " tag="490"><subfield code="a">Oeuvres morales / Plutarque</subfield><subfield code="v">5, 1</subfield></datafield><datafield ind1=" " ind2=" " tag="500"><subfield code="a">Le dos porte: Traités 20-22</subfield></datafield><datafield ind1=" " ind2=" " tag="500"><subfield code="a">Texte grec avec trad. française en regard</subfield></datafield><datafield ind1=" " ind2=" " tag="500"><subfield code="a">Zitiertitel der enthaltenen Werke: De Romanorum fortuna ; De Alexandri fortuna aut virtute ; De gloria Atheniensium</subfield></datafield><datafield ind1=" " ind2=" " tag="500"><subfield code="a">Text griech. mit franz. Übers., parallel angeordnet; Einf. und Kommentar franz.</subfield></datafield><datafield ind1=" " ind2=" " tag="500"><subfield code="a">Rückentitel: Traités 20-22</subfield></datafield><datafield ind1="1" ind2="0" tag="600"><subfield code="a">Ploutarchos</subfield><subfield code="c">Chairōneus</subfield><subfield code="d">p. 46-120</subfield><subfield code="x">Metaphraseis sta Gallika</subfield></datafield><datafield ind1=" " ind2="0" tag="650"><subfield code="a">Ethics, Ancient</subfield></datafield><datafield ind1=" " ind2="0" tag="650"><subfield code="a">Ethics</subfield><subfield code="v">Early works to 1800</subfield></datafield><datafield ind1=" " ind2="0" tag="650"><subfield code="a">Greek essays</subfield><subfield code="v">Translations into French</subfield></datafield><datafield ind1=" " ind2="0" tag="650"><subfield code="a">Greek prose literature</subfield><subfield code="x">Translations into French</subfield></datafield><datafield ind1="0" ind2="2" tag="700"><subfield code="a">Plutarchus</subfield><subfield code="d">45-120</subfield><subfield code="t">De Alexandri fortuna aut virtute</subfield></datafield><datafield ind1="0" ind2="2" tag="700"><subfield code="a">Plutarchus</subfield><subfield code="d">45-120</subfield><subfield code="t">De gloria Atheniensium</subfield></datafield><datafield ind1="0" ind2="2" tag="700"><subfield code="a">Plutarchus</subfield><subfield code="d">45-120</subfield><subfield code="t">&lt;&lt;La&gt;&gt; fortune ou la vertu d'Alexandre</subfield></datafield><datafield ind1="0" ind2="2" tag="700"><subfield code="a">Plutarchus</subfield><subfield code="d">45-120</subfield><subfield code="t">&lt;&lt;La&gt;&gt; gloire des Athéniens</subfield></datafield><datafield ind1="0" ind2="2" tag="700"><subfield code="a">Plutarchus</subfield><subfield code="t">&lt;&lt;La&gt;&gt; fortune ou la vertu d'Alexandre</subfield></datafield><datafield ind1="0" ind2="2" tag="700"><subfield code="a">Plutarchus</subfield><subfield code="t">&lt;&lt;La&gt;&gt; gloire des Athéniens</subfield></datafield><datafield ind1="1" ind2=" " tag="700"><subfield code="a">Frazier, Françoise</subfield><subfield code="d">1959-2016</subfield><subfield code="0">(DE-588)141506911</subfield><subfield code="6">880-04</subfield></datafield><datafield ind1="1" ind2=" " tag="880"><subfield code="6">700-04</subfield><subfield code="a">Frazier, Françoise</subfield><subfield code="d">1959-2016</subfield><subfield code="0">(IDREF)030115299</subfield></datafield><datafield ind1="0" ind2="2" tag="740"><subfield code="a">&lt;&lt;La&gt;&gt; fortune ou la vertu d'Alexandre</subfield></datafield><datafield ind1="0" ind2="2" tag="740"><subfield code="a">&lt;&lt;La&gt;&gt; gloire des Athéniens</subfield></datafield><datafield ind1="0" ind2=" " tag="800"><subfield code="a">Plutarchus</subfield><subfield code="t">Oeuvres morales</subfield><subfield code="v">5,1</subfield></datafield><datafield ind1="0" ind2=" " tag="800"><subfield code="a">Plutarchus</subfield><subfield code="d">45-120</subfield><subfield code="t">Moralia</subfield><subfield code="v">5/1</subfield><subfield code="w">(IDSBB)000110945DSV01</subfield></datafield><datafield ind1=" " ind2=" " tag="830"><subfield code="a">Collection des universités de France</subfield><subfield code="w">(RERO)0009417-41slsp</subfield></datafield><datafield ind1=" " ind2=" " tag="900"><subfield code="a">REROnoselfmerge</subfield></datafield></record>
</metadata></record>