<record><header><identifier>oai:alma.41SLSP_UGE:991000046809705502</identifier><datestamp>2024-05-02T00:09:07Z</datestamp><setSpec>uge_bcen_RapidILL_BOOK</setSpec><setSpec>uge_aaca_RapidILL_BOOK</setSpec><setSpec>uge_abels_RapidILL_BOOK</setSpec><setSpec>uge_dbu_RapidILL_BOOK</setSpec><setSpec>uge_cmu_RapidILL_BOOK</setSpec><setSpec>uge_mail_RapidILL_BOOK</setSpec><setSpec>uge_abbat_RapidILL_BOOK</setSpec><setSpec>UNIGE_ALL</setSpec><setSpec>uge_acar_RapidILL_BOOK</setSpec><setSpec>uge_aobs_RapidILL_BOOK</setSpec></header><metadata>
<record xmlns="http://www.loc.gov/MARC21/slim" xmlns:xsi="http://www.w3.org/2001/XMLSchema-instance" xsi:schemaLocation="http://www.loc.gov/MARC21/slim http://www.loc.gov/standards/marcxml/schema/MARC21slim.xsd"><leader>01617nam a2200397 ca4500</leader><controlfield tag="001">991000046809705502</controlfield><controlfield tag="005">20240314215812.0</controlfield><controlfield tag="008">201011s1963    sz ||||| |||| 00| ||ger d</controlfield><datafield ind1=" " ind2=" " tag="019"><subfield code="a">Übergeordnete Aufnahme = Niveau supérieur = Livello superiore</subfield><subfield code="5">SLSP/2020</subfield></datafield><datafield ind1="7" ind2=" " tag="024"><subfield code="a">http://catalogue.bnf.fr/ark:/12148/cb33138112s</subfield><subfield code="2">uri</subfield></datafield><datafield ind1=" " ind2=" " tag="035"><subfield code="a">(swissbib)223945021-41slsp_network</subfield></datafield><datafield ind1=" " ind2=" " tag="035"><subfield code="a">223945021</subfield><subfield code="9">ExL</subfield></datafield><datafield ind1=" " ind2=" " tag="035"><subfield code="a">(RERO)1553233-41slsp</subfield></datafield><datafield ind1=" " ind2=" " tag="035"><subfield code="a">(IDSBB)000503466DSV01</subfield></datafield><datafield ind1=" " ind2=" " tag="035"><subfield code="a">(EXLNZ-41SLSP_NETWORK)991115587009705501</subfield></datafield><datafield ind1=" " ind2=" " tag="040"><subfield code="a">RERO laiuhm</subfield><subfield code="d">CH-ZuSLS</subfield></datafield><datafield ind1="1" ind2=" " tag="041"><subfield code="a">ger</subfield><subfield code="h">lat</subfield></datafield><datafield ind1=" " ind2=" " tag="044"><subfield code="a">sz</subfield><subfield code="a">gw</subfield></datafield><datafield ind1=" " ind2="7" tag="072"><subfield code="a">me</subfield><subfield code="2">rero</subfield></datafield><datafield ind1=" " ind2="7" tag="072"><subfield code="a">me</subfield><subfield code="2">SzZuIDS BS/BE</subfield></datafield><datafield ind1="1" ind2="4" tag="082"><subfield code="a">610</subfield><subfield code="2">15</subfield></datafield><datafield ind1="1" ind2=" " tag="100"><subfield code="6">880-01</subfield><subfield code="a">Platter, Félix</subfield><subfield code="d">1536-1614</subfield><subfield code="0">(IDREF)027279898</subfield><subfield code="4">cre</subfield></datafield><datafield ind1="1" ind2=" " tag="880"><subfield code="6">100-01</subfield><subfield code="a">Platter, Felix</subfield><subfield code="d">1536-1614</subfield><subfield code="0">(DE-588)118594915</subfield></datafield><datafield ind1="1" ind2="0" tag="240"><subfield code="a">Observationes</subfield></datafield><datafield ind1="1" ind2="0" tag="245"><subfield code="a">Observationes</subfield><subfield code="b">Krankheitsbeobachtungen in drei Büchern</subfield><subfield code="c">Felix Platter ; aus dem Lateinischen übers. von Günther Goldschmidt ; bearb. und hrsg. von Heinrich Buess</subfield></datafield><datafield ind1=" " ind2="1" tag="264"><subfield code="a">Bern</subfield><subfield code="a">Stuttgart</subfield><subfield code="b">Hans Huber</subfield><subfield code="c">1963</subfield></datafield><datafield ind1=" " ind2=" " tag="300"><subfield code="a">1 Bd.</subfield><subfield code="b">ill.</subfield><subfield code="c">24 cm</subfield></datafield><datafield ind1=" " ind2=" " tag="336"><subfield code="b">txt</subfield><subfield code="2">rdacontent</subfield></datafield><datafield ind1=" " ind2=" " tag="337"><subfield code="b">n</subfield><subfield code="2">rdamedia</subfield></datafield><datafield ind1=" " ind2=" " tag="338"><subfield code="b">nc</subfield><subfield code="2">rdacarrier</subfield></datafield><datafield ind1="0" ind2=" " tag="490"><subfield code="a">Hubers Klassiker der Medizin und der Naturwissenschaften</subfield></datafield><datafield ind1=" " ind2=" " tag="500"><subfield code="a">Nur Bd. 1 erschienen</subfield></datafield><datafield ind1="1" ind2=" " tag="700"><subfield code="6">880-02</subfield><subfield code="a">Goldschmidt, Günther</subfield><subfield code="0">(RERO)A003306096</subfield></datafield><datafield ind1="1" ind2=" " tag="880"><subfield code="a">Goldschmidt, Günther</subfield><subfield code="d">1894-1980</subfield><subfield code="6">700-02/(B</subfield><subfield code="0">(DE-588)116756330</subfield></datafield><datafield ind1="1" ind2=" " tag="700"><subfield code="6">880-03</subfield><subfield code="a">Buess, Heinrich</subfield><subfield code="d">1911-1984</subfield><subfield code="0">(IDREF)028542274</subfield></datafield><datafield ind1="1" ind2=" " tag="880"><subfield code="6">700-03/(B</subfield><subfield code="a">Buess, Heinrich</subfield><subfield code="d">1911-1984</subfield><subfield code="0">(DE-588)117758175</subfield></datafield><datafield ind1=" " ind2=" " tag="900"><subfield code="a">REROnoselfmerge</subfield></datafield></record>
</metadata></record>