<record><header><identifier>oai:alma.41SLSP_UGE:991000046599705502</identifier><datestamp>2023-03-01T01:08:48Z</datestamp><setSpec>uge_bcen_RapidILL_BOOK</setSpec><setSpec>uge_aaca_RapidILL_BOOK</setSpec><setSpec>uge_abels_RapidILL_BOOK</setSpec><setSpec>uge_dbu_RapidILL_BOOK</setSpec><setSpec>uge_cmu_RapidILL_BOOK</setSpec><setSpec>uge_mail_RapidILL_BOOK</setSpec><setSpec>UNIGE_ALL</setSpec><setSpec>uge_abbat_RapidILL_BOOK</setSpec><setSpec>uge_aobs_RapidILL_BOOK</setSpec><setSpec>uge_acar_RapidILL_BOOK</setSpec></header><metadata>
<record xmlns="http://www.loc.gov/MARC21/slim" xmlns:xsi="http://www.w3.org/2001/XMLSchema-instance" xsi:schemaLocation="http://www.loc.gov/MARC21/slim http://www.loc.gov/standards/marcxml/schema/MARC21slim.xsd"><leader>01245nam a2200313 c 4500</leader><controlfield tag="001">991000046599705502</controlfield><controlfield tag="005">20201225182532.0</controlfield><controlfield tag="008">910222s1979    gw ||||| |||| 00| ||ger d</controlfield><datafield ind1="7" ind2=" " tag="024"><subfield code="a">http://catalogue.bnf.fr/ark:/12148/cb35129881v</subfield><subfield code="2">uri</subfield></datafield><datafield ind1=" " ind2=" " tag="035"><subfield code="a">(swissbib)08534608X-41slsp_network</subfield></datafield><datafield ind1=" " ind2=" " tag="035"><subfield code="a">08534608X</subfield><subfield code="9">ExL</subfield></datafield><datafield ind1=" " ind2=" " tag="035"><subfield code="a">(RERO)1345348-41slsp</subfield></datafield><datafield ind1=" " ind2=" " tag="035"><subfield code="a">(EXLNZ-41SLSP_NETWORK)991047265059705501</subfield></datafield><datafield ind1=" " ind2=" " tag="040"><subfield code="a">RERO nebpun</subfield><subfield code="d">CH-ZuSLS</subfield></datafield><datafield ind1=" " ind2="7" tag="072"><subfield code="a">ph</subfield><subfield code="2">rero</subfield></datafield><datafield ind1="1" ind2=" " tag="100"><subfield code="a">Heidegger, Martin</subfield><subfield code="d">1889-1976</subfield><subfield code="0">(IDREF)026917548</subfield><subfield code="4">cre</subfield></datafield><datafield ind1="1" ind2="0" tag="245"><subfield code="a">Heraklit</subfield><subfield code="b">[Freiburger Vorlesungen Sommersemester 1943 und Sommersemester 1944]</subfield><subfield code="c">Martin Heidegger ; [hrsg. von Manfred S. Frings]</subfield></datafield><datafield ind1=" " ind2="1" tag="264"><subfield code="a">Frankfurt am Main</subfield><subfield code="b">V. Klostermann</subfield><subfield code="c">[1979]</subfield></datafield><datafield ind1=" " ind2="4" tag="264"><subfield code="c">© 1979</subfield></datafield><datafield ind1=" " ind2=" " tag="300"><subfield code="a">XII, 406 p.</subfield><subfield code="c">21 cm</subfield></datafield><datafield ind1=" " ind2=" " tag="336"><subfield code="b">txt</subfield><subfield code="2">rdacontent</subfield></datafield><datafield ind1=" " ind2=" " tag="337"><subfield code="b">n</subfield><subfield code="2">rdamedia</subfield></datafield><datafield ind1=" " ind2=" " tag="338"><subfield code="b">nc</subfield><subfield code="2">rdacarrier</subfield></datafield><datafield ind1="1" ind2=" " tag="490"><subfield code="a">Gesamtausgabe / Martin Heidegger</subfield><subfield code="v">Bd. 55</subfield></datafield><datafield ind1=" " ind2=" " tag="500"><subfield code="a">Contient: 1. Der Anfang des Abendländischen Denkens ; 2. Logik : Heraklits Lehre von Logos</subfield></datafield><datafield ind1="1" ind2=" " tag="700"><subfield code="a">Frings, Manfred S.</subfield><subfield code="d">1925-2008</subfield><subfield code="0">(IDREF)02841974X</subfield></datafield><datafield ind1="1" ind2="2" tag="700"><subfield code="a">Heidegger, Martin</subfield><subfield code="t">&lt;&lt;Der&gt;&gt; Anfang des abendländischen Denkens</subfield></datafield><datafield ind1="1" ind2="2" tag="700"><subfield code="a">Heidegger, Martin</subfield><subfield code="t">Logik</subfield></datafield><datafield ind1="1" ind2=" " tag="800"><subfield code="a">Heidegger, Martin</subfield><subfield code="t">Gesamtausgabe</subfield><subfield code="v">55</subfield></datafield><datafield ind1=" " ind2=" " tag="900"><subfield code="a">REROnoselfmerge</subfield></datafield></record>
</metadata></record>