<record><header><identifier>oai:alma.41SLSP_UGE:991000047009705502</identifier><datestamp>2024-10-06T00:07:24Z</datestamp><setSpec>uge_bcen_RapidILL_BOOK</setSpec><setSpec>uge_aaca_RapidILL_BOOK</setSpec><setSpec>uge_abels_RapidILL_BOOK</setSpec><setSpec>uge_dbu_RapidILL_BOOK</setSpec><setSpec>uge_cmu_RapidILL_BOOK</setSpec><setSpec>uge_mail_RapidILL_BOOK</setSpec><setSpec>UNIGE_ALL</setSpec><setSpec>uge_abbat_RapidILL_BOOK</setSpec><setSpec>uge_acar_RapidILL_BOOK</setSpec><setSpec>uge_aobs_RapidILL_BOOK</setSpec></header><metadata>
<record xmlns="http://www.loc.gov/MARC21/slim" xmlns:xsi="http://www.w3.org/2001/XMLSchema-instance" xsi:schemaLocation="http://www.loc.gov/MARC21/slim http://www.loc.gov/standards/marcxml/schema/MARC21slim.xsd"><leader>01478nam a2200361 c 4500</leader><controlfield tag="001">991000047009705502</controlfield><controlfield tag="005">20230407191913.0</controlfield><controlfield tag="008">130502s1980    fr ||||| |||| 00| ||fre d</controlfield><datafield ind1=" " ind2=" " tag="035"><subfield code="a">(swissbib)117306177-41slsp_network</subfield></datafield><datafield ind1=" " ind2=" " tag="035"><subfield code="a">117306177</subfield><subfield code="9">ExL</subfield></datafield><datafield ind1=" " ind2=" " tag="035"><subfield code="a">(RERO)R007289606-41slsp</subfield></datafield><datafield ind1=" " ind2=" " tag="035"><subfield code="a">(EXLNZ-41SLSP_NETWORK)991019536519705501</subfield></datafield><datafield ind1=" " ind2=" " tag="040"><subfield code="a">RERO geucig</subfield><subfield code="d">CH-ZuSLS</subfield></datafield><datafield ind1=" " ind2="7" tag="072"><subfield code="a">ss</subfield><subfield code="2">rero</subfield></datafield><datafield ind1="1" ind2=" " tag="100"><subfield code="a">Attias-Donfut, Claudine</subfield><subfield code="c">sociologue</subfield><subfield code="d">1941-....</subfield><subfield code="0">(IDREF)028399080</subfield><subfield code="4">cre</subfield></datafield><datafield ind1="1" ind2="0" tag="245"><subfield code="a">Après 50 ans</subfield><subfield code="b">la redistribution des inégalités?</subfield><subfield code="c">Claudine Attias-Donfut, Maryvonne Gognalons-Nicolet</subfield></datafield><datafield ind1="1" ind2=" " tag="246"><subfield code="a">Après cinquante ans</subfield></datafield><datafield ind1=" " ind2="1" tag="264"><subfield code="a">Cagnes-sur-Mer</subfield><subfield code="b">Caisse nationale de retraite des ouvriers du bâtiment et des travaux publics</subfield><subfield code="c">1980</subfield></datafield><datafield ind1=" " ind2=" " tag="300"><subfield code="a">272 p.</subfield></datafield><datafield ind1=" " ind2=" " tag="336"><subfield code="b">txt</subfield><subfield code="2">rdacontent</subfield></datafield><datafield ind1=" " ind2=" " tag="337"><subfield code="b">n</subfield><subfield code="2">rdamedia</subfield></datafield><datafield ind1=" " ind2=" " tag="338"><subfield code="b">nc</subfield><subfield code="2">rdacarrier</subfield></datafield><datafield ind1="1" ind2=" " tag="490"><subfield code="a">Documents d'information et de gestion</subfield><subfield code="v">1980, n⁰ 46-47</subfield></datafield><datafield ind1=" " ind2="7" tag="650"><subfield code="a">Personnes âgées</subfield><subfield code="0">(IDREF)02724475X</subfield><subfield code="2">idref</subfield></datafield><datafield ind1=" " ind2="7" tag="650"><subfield code="a">Isolement social</subfield><subfield code="0">(IDREF)02782165X</subfield><subfield code="2">idref</subfield></datafield><datafield ind1=" " ind2="7" tag="650"><subfield code="a">Revenu disponible</subfield><subfield code="0">(IDREF)027848760</subfield><subfield code="2">idref</subfield></datafield><datafield ind1=" " ind2="7" tag="650"><subfield code="a">Retraite</subfield><subfield code="0">(IDREF)027480321</subfield><subfield code="2">idref</subfield></datafield><datafield ind1=" " ind2="7" tag="650"><subfield code="a">Loisirs</subfield><subfield code="0">(IDREF)027318559</subfield><subfield code="2">idref</subfield></datafield><datafield ind1=" " ind2="7" tag="650"><subfield code="a">Santé</subfield><subfield code="0">(IDREF)027411125</subfield><subfield code="2">idref</subfield></datafield><datafield ind1=" " ind2="7" tag="650"><subfield code="a">Inégalité sociale</subfield><subfield code="0">(IDREF)050547496</subfield><subfield code="2">idref</subfield></datafield><datafield ind1=" " ind2="7" tag="651"><subfield code="a">France</subfield><subfield code="0">(IDREF)027226794</subfield><subfield code="2">idref</subfield></datafield><datafield ind1="1" ind2=" " tag="700"><subfield code="a">Gognalons-Nicolet, Maryvonne</subfield><subfield code="0">(IDREF)07719098X</subfield></datafield><datafield ind1=" " ind2=" " tag="830"><subfield code="a">Documents d'information et de gestion</subfield><subfield code="v">1980 ,46-47</subfield><subfield code="w">(RERO)1950219-41slsp</subfield></datafield><datafield ind1=" " ind2=" " tag="900"><subfield code="a">REROnoselfmerge</subfield></datafield></record>
</metadata></record>